3022 4938
306 350 355 422 32
713 351 885 420 loannis
911 349 1015 418 LYDI

305 517 426 608 ὁμαλὴν
438 521 624 613 δέτὴνπρδς
635 527 679 614 τῷ
693 526 867 613 λσημερινῷ.
902 521 1009 615 πρῶτη
1027 523 1127 592 τοίνυν
1146 529 1203 593 τοῦ
1210 515 1422 611 μηνδςὲορτή

305 629 387 692 ἐστιν
399 625 418 711 ἡ
432 631 575 714 λεγομίνη
592 631 677 716 παρὰ
691 631 748 712 μέν
764 625 925 712 Ῥωμαίοις
938 629 1114 709 nottestan„
1130 631 1216 718 παρὰ
1237 633 1272 696 δέ
1283 630 1411 712 Ἕλλησι

304 733 461 814 νουμηνία.
487 733 642 810 καλάνδας
654 734 688 802 δέ
695 730 956 809 αῦτᾶςοῖπαλαιοέ
969 732 1218 822 προσηγόρευσαν
1230 730 1410 816 ἐξἚλληνι-

305 841 360 917 κὴς
376 837 539 918 σημασίας,
565 835 626 902 ἀπὸ
644 843 698 902 τοῦ
713 843 814 901 καλεῒν
827 837 881 902 τὸν
898 837 1041 924 ιλρχιερία
1055 836 1111 921 τὴν
1128 837 1245 919 βουλὴν
1259 839 1291 901 ἐν
1304 845 1343 922 τῇ
1358 843 1411 901 λε-

304 939 415 1024 γομέιηγ
429 941 585 1030 Koriondoi?
603 945 757 1026 βασιλικῇ,
781 943 831 1004 καί
844 929 999 1023 σημαίνειν
1012 941 1069 1006 εἴτε
1077 941 1141 1028 χρὴ
1161 940 1238 1006 κατὰ
1258 941 1314 1024 τὴν
1329 952 1437 1022 mapa-d

304 1041 480 1108 πταίανείτε
492 1045 571 1108 κατὰ
585 1043 640 1127 τὴν
647 1040 809 1126 διχότομον
820 1047 875 1127 τῆς
887 1041 1014 1127 σελήνης
1027 1045 1192 1110 ἐπιτελέσαι
1205 1044 1261 1128 τήν
1276 1051 1336 1110 τῶν
1349 1069 1411 1108 νω-

303 1151 364 1209 νῶν
378 1142 486 1232 ἑορτήν
492 1191 502 1224 ,
522 1149 561 1240 Ιἐξ
579 1137 616 1229 ἡς
635 1146 690 1230 τὴν
709 1149 895 1230 μεσομηνιάν
910 1147 1084 1236 ἐπετήρουν.
1135 1149 1185 1214 ἐπὶ
1199 1149 1255 1230 μέν
1271 1147 1332 1234 γὰρ
1348 1154 1412 1212 τῶν

303 1255 407 1330 μηνῶν
423 1256 484 1314 τῶν
499 1248 542 1314 i‘rr
556 1253 606 1314 καί
621 1256 674 1316 νῦν
688 1249 744 1328 τὰς
757 1251 937 1334 σεληνιακὰς
946 1249 1103 1332 σωζόντων
1116 1249 1224 1337 ἑορτὰς
1239 1252 1412 1333 πεμπταίας

206 1373 235 1428 1³·
253 1358 289 1418 ³⁵
305 1352 362 1428 τὰς
372 1349 470 1430 νῶνας
490 1350 647 1436 ἐσήμαινε,
673 1353 753 1419 καθ’
772 1353 809 1431 ῦς
827 1353 874 1420 ἐπὶ
889 1363 945 1439 τῆς
959 1354 1210 1442 τρισκαιδεκάτης
1225 1357 1275 1420 καί
1291 1362 1411 1442 μοιρῶν

304 1461 394 1520 τινῶν
416 1455 454 1521 οῦ
474 1457 530 1539 τὴν
549 1464 604 1524 τοῦ
626 1455 730 1545 φωτὸς
744 1456 828 1523 ἀλλὰ
843 1458 899 1542 τὴν
911 1466 965 1525 τοῦ
980 1464 1159 1542 σεληνιακοῦ
1173 1456 1315 1542 σώματος
1330 1453 1410 1534 εέκός
1419 1469 1452 1524 1⁰

305 1560 369 1624 ἐστι
390 1559 561 1646 σοντρίχειν
580 1557 744 1645 μεσότητα.
796 1557 813 1628 δ
828 1563 888 1651 γὰρ
905 1570 966 1630 τῶν
986 1565 1151 1650 δεκατριῶν
1167 1561 1303 1650 ἀριθμὸς
1321 1563 1412 1628 συνί-

304 1685 413 1744 στηκεν
437 1664 470 1727 ἐκ
490 1669 550 1729 τῶν
569 1663 700 1752 πρῶτων
721 1667 806 1730 διιοῖν
828 1663 1031 1753 τετραγώνων
1050 1673 1105 1733 τοῦ
1129 1667 1264 1752 τέσσαρα
1285 1667 1335 1730 καί
1354 1671 1411 1729 τοῦ

303 1767 398 1842 ἐννέα,
424 1765 530 1853 ἀρτίου
548 1791 581 1832 τε
603 1770 654 1834 καί
677 1775 830 1856 περιττοῦ,
855 1771 989 1858 πλευρὰς
1010 1767 1139 1854 ἐχόντων
1157 1775 1213 1836 τοῦ
1228 1769 1285 1852 μέν
1301 1767 1410 1854 ἀρτίου

301 1868 337 1934 εδ
358 1865 463 1934 dicabo
484 1867 578 1951 εἶδος,
599 1869 718 1952 δυάδα,
743 1881 798 1941 τοῦ
823 1875 857 1938 δέ
876 1879 1017 1960 περιττοῦ
1038 1875 1094 1958 τὴν
1113 1870 1299 1960 δραστήριον
1312 1873 1410 1948 ἰδίαν,

300 1970 423 2058 τριάδα
475 1965 564 2051 οὗτος
578 1968 661 2042 oded
678 1975 814 2064 ἀριθμὸς
828 1973 848 2060 ἡ
863 1981 988 2063 μεγίστη
1005 1979 1057 2042 καὶ
1074 1973 1246 2059 τελειοτάτη
1262 1981 1323 2042 τῶν
1337 1974 1408 2061 ἐορ-
1419 1986 1450 2042 15

298 2082 360 2141 τῶν
378 2077 479 2161 γίγονε
492 2088 556 2155 τοῖς
572 2079 710 2166 ἀρχαίοις
726 2077 911 2168 ἐπετήρησις.
951 2077 1044 2168 ἡγὰρ
1060 2077 1309 2163 πεντεκαιδεκάτη
1323 2079 1410 2164 παρὰ

297 2180 409 2266 μοίρας
423 2178 457 2257 (ἐξ
472 2183 585 2267 κυρίως
599 2179 713 2266 ἐστὶνὴ
728 2188 916 2268 μεσομηνία·
942 2183 1038 2250 αὐτοῦ
1055 2183 1115 2272 γὰρ
1133 2191 1190 2250 τοῦ
1207 2182 1312 2271 φωτός
1328 2185 1412 2248 ἐστιν

296 2279 472 2366 ἡμεσότης.
524 2284 600 2352 ὅθεν
623 2288 674 2351 καί
695 2287 775 2364 Διὸς
795 2288 892 2371 οὖτὴν
912 2285 1021 2375 ἓορτὴν
1040 2284 1105 2354 οἷον
1123 2284 1210 2370 ἡλίου
1222 2289 1411 2370 νενομίκασι,

297 2389 330 2451 δέ
351 2376 388 2449 οῦ
409 2383 575 2474 σῦμιραμιν
599 2391 787 2476 φωτιζεσθαι
805 2391 861 2476 τὴν
883 2390 1020 2475 σελήνην.
1039 2403 1045 2413 ’
1072 2391 1120 2456 ἐπί
1143 2392 1177 2456 δέ
1198 2397 1259 2455 τῶν
1274 2387 1411 2474 ἡλιακῶν

297 2486 465 2570 intonatur
479 2492 534 2568 τὰς
550 2489 648 2570 νώνας
661 2491 842 2579 ἐσήμαινον·
863 2491 880 2560 d
897 2497 958 2583 γὰρ
974 2493 1051 2562 ἔπτὰ
1064 2493 1203 2581 ἀριθμὸς
1214 2490 1301 2576 ἡλίου
1316 2494 1443 2570 toriae)

297 2587 341 2670 δις
357 2589 534 2681 ἐμπροσθεν
549 2597 675 2686 είρηται.
736 2601 830 2682 δῆλον
844 2599 906 2686 γὰρ
927 2600 983 2683 τὴν
1005 2599 1062 2682 μὲν
1076 2599 1235 2683 ἐλαχίστην
1246 2603 1302 2681 τῆς
1316 2595 1411 2681 σελή·
1509 2684 1510 2703 ἡ

369 2848 388 2902 9
405 2841 546 2916 ἐσήμαινε]
564 2841 712 2902 deraditur
727 2843 763 2902 V.
926 2847 972 2903 ¹10
986 2844 1041 2920 τὴν
1060 2851 1124 2916 port
1138 2839 1210 2900 οίλλδ
1227 2843 1279 2898 add
1296 2841 1409 2896 Haaine.

370 2912 742 3056 {gozmooichHigseffiraada
758 2915 868 2972 θυσιῶν
881 2911 916 2970 V.
1046 2918 1083 2972 20
1099 2907 1183 2986 ἑπτὰ]
1200 2907 1321 2985 ἕβδομος
1336 2911 1410 2980 iibri,

297 3201 379 3262 bilem
393 3207 464 3262 eirca
483 3207 689 3278 aequinoctium.
732 3210 832 3281 primun
848 3207 932 3280 igitur
947 3210 1044 3265 manda
1061 3208 1146 3264 ieatua
1162 3205 1220 3264 dier
1234 3213 1277 3262 eat
1291 3205 1339 3276 qni
1350 3205 1409 3261 Ka·

298 3275 394 3332 lendae
407 3277 504 3331 dicitur
519 3298 535 3332 a
548 3279 689 3348 Romania,
711 3297 729 3333 a
742 3281 856 3334 Graecia
870 3282 1022 3348 Νονμηνία
1041 3281 1078 3348 (i.
1093 3299 1119 3332 e.
1133 3277 1333 3343 interlunium).
1350 3275 1410 3328 Ka-

298 3345 389 3400 lendae
405 3357 491 3401 autent
507 3363 552 3399 eea
569 3357 676 3403 veteres
692 3358 857 3404 vocaverunt
869 3369 904 3403 ex
918 3353 1024 3404 Graeoa
1039 3351 1062 3402 ai
1100 3348 1244 3414 ificatioue,
1260 3347 1323 3399 inde
1336 3343 1410 3414 quod

295 3417 418 3487 pontifex
435 3415 560 3470 unximus
575 3411 666 3470 ἐκάλει
682 3419 817 3484 (vocabat
851 3429 970 3473 renatum
985 3419 1051 3472 inc
1077 3421 1167 3471 abram
1183 3433 1253 3500 quae
1269 3415 1410 3469 dicebatur

295 3487 404 3554 curiam,
421 3493 450 3539 et
462 3487 632 3570 significabat
644 3497 729 3541 utrum
743 3497 881 3558 oporteret
893 3489 985 3558 quinto
999 3489 1043 3542 die
1058 3506 1091 3542 an
1101 3489 1163 3540 luna
1176 3485 1313 3540 dimidiata
1326 3501 1409 3553 agera

295 3557 432 3610 Nonarum
447 3551 545 3624 serras,
563 3551 633 3610 unde
652 3558 766 3610 medium
784 3573 899 3611 mensem
914 3558 1121 3612 constituebant.
1157 3555 1185 3608 in
1198 3556 1232 3608 iie
1249 3555 1319 3608 enim
1332 3571 1408 3608 men·

296 3625 370 3680 aibua
385 3626 431 3695 qui
445 3627 524 3679 etiam
538 3642 607 3679 nuno
621 3625 726 3680 iuneree
739 3627 840 3681 babent
852 3621 944 3694 seriae,
958 3627 1099 3698 quintanae
1109 3629 1201 3680 Nouae
1215 3621 1410 3708 promulgabat,
1505 3661 1506 3681 ι

295 3697 438 3750 eorundum
455 3712 521 3766 quaa
536 3695 580 3748 die
595 3696 677 3749 tertio
693 3697 795 3750 decimo
810 3705 838 3750 et
854 3697 1010 3766 quibusdam
1030 3696 1157 3766 gradibus
1171 3709 1224 3746 nnn
1239 3693 1344 3746 lumime
1360 3693 1409 3746 aed

295 3761 395 3818 lunaria
412 3765 532 3834 corporis
552 3765 721 3818 medietatem
744 3766 887 3820 convenire
909 3775 1115 3820 consentaneum
1135 3773 1186 3817 eet.
1235 3763 1315 3816 mium
1339 3763 1408 3816 enim

294 3834 387 3887 decem
407 3851 529 3887 numerus
552 3836 655 3888 duobus
670 3836 806 3905 prioribus
827 3843 933 3888 cenent
968 3835 1101 3902 uadretia,
1127 3841 1253 3904 quattuor
1271 3840 1300 3886 et
1313 3849 1409 3885 novem
1504 3879 1505 3890 ,

296 3902 386 3982 (paria
402 3911 430 3956 et
445 3903 575 3973 imparia)
590 3918 756 3958 numerorum
773 3905 932 3959 babentibue
961 3914 1045 3972 atera,
1068 3903 1142 3975 paria
1164 3900 1326 3955 materialem
1345 3919 1408 3970 ape·
1504 3899 1505 3924 ί

296 3985 371 4036 ciem,
388 3969 510 4040 dyadem,
529 3973 637 4042 imperia
655 3985 742 4027 autem
758 3974 894 4028 efficacem
909 3973 996 4028 ideam
1013 3977 1049 4040 (e.
1067 3973 1199 4026 notionem
1214 3972 1408 4038 effingentem),

295 4038 416 4094 triadem.
453 4041 530 4095 boiua
544 4043 627 4111 igitur
641 4045 743 4097 numeri
755 4045 868 4099 maxime
881 4043 1128 4112 eodiiigeutieeima
1142 4041 1259 4094 iuferiia
1276 4039 1407 4094 aretari·
1503 4079 1504 4092 .

295 4108 345 4160 bue
367 4107 436 4162 ratio
454 4110 611 4166 habebatur.
657 4113 764 4182 quintae
785 4115 855 4167 enim
879 4113 995 4167 decimua
1020 4111 1139 4181 exceptis
1160 4109 1287 4178 gradibus
1309 4127 1359 4162 aex
1378 4115 1408 4162 ut
1503 4109 1504 4116 ’

296 4176 435 4248 plurimum
460 4188 503 4232 eet
522 4181 624 4234 mediae
644 4183 754 4236 moneiea
780 4183 864 4252 ipeiue
880 4182 949 4235 enirn
963 4181 1067 4235 laminir
1084 4191 1126 4234 aet
1139 4178 1278 4232 medietae.
1324 4195 1407 4248 quare

297 4247 377 4300 etiam
393 4247 464 4300 Iovia
481 4248 528 4302 bae
541 4249 623 4302 feriae
639 4253 783 4321 (tanquam
797 4251 882 4320 εολὶε)
899 4251 1085 4316 inatituerunt,
1103 4266 1120 4301 a
1136 4264 1188 4305 ouo
1205 4247 1354 4301 colluam-ari
1365 4245 1406 4299 iu-

299 4333 359 4368 nam
375 4326 487 4370 constat.
524 4317 551 4370 in
565 4317 695 4382 aoieribue
708 4329 796 4374 autem
812 4321 972 4390 eeptimauaa
988 4323 1081 4375 Nonae
1094 4318 1262 4371 indicabautn
1279 4316 1406 4386 septimae
1502 4345 1503 4360 ι

299 4385 368 4437 enim
383 4402 504 4442 numerua
518 4386 582 4440 eoiie
598 4397 649 4455 eat,
667 4399 698 4442 ut
710 4399 773 4443 anta
788 4390 854 4444 dixi.
889 4389 1022 4444 minimum
1037 4388 1107 4442 enim
1121 4387 1199 4440 lunae
1213 4386 1351 4440 obeditum
1365 4383 1405 4436 vi·
