3022 4938
331 369 380 436 52
733 363 903 433 loluuls
923 363 1026 430 LYDl

332 536 517 626 ἀγαλμάτων
532 535 644 628 λ’φορον
658 535 750 605 αὐτὸν
766 535 860 603 οἷἐται
874 534 1054 613 reinuardo
1063 529 1178 624 χρόνον
1192 530 1356 620 τυγχάνειν,
1372 534 1419 597 καὶ

332 640 428 730 ταύτῃ
450 640 675 724 (λωιλεκάβοιμον
697 638 770 706 εἶναι
792 641 846 707 τὸν
869 637 962 705 αὐτοῦ
984 639 1058 705 νειὸν
1082 640 1160 704 κατὰ
1181 637 1235 703 τὸν
1247 644 1307 703 τῶν
1322 643 1419 720 μηνῶν

331 745 477 834 άριθμάν.
504 743 520 812 ὃ
536 745 569 810 δέ
584 747 613 808 Γ
610 743 675 822 α’ΐος
691 743 814 821 Βάσσος
828 745 913 832 ἓντῷ
926 745 994 829 περὶ
1007 749 1090 809 θεῶν
1105 744 1234 826 δαίμονα
1247 739 1339 805 αὐτὸν
1351 737 1421 804 εἶναι

331 853 442 932 νομίζει
464 849 641 934 τεταγμένον
656 849 704 914 tut
725 854 779 914 τοῦ
795 847 900 933 ἀέρος,
921 847 972 911 καλ
990 847 1028 911 δι’
1043 844 1136 912 αὐτοῦ
1153 846 1283 922 τολςτῶν
1300 839 1420 929 άνθρά-

331 977 397 1018 πων
424 952 514 1036 εὐχὰς
539 951 750 1040 ἀναφέρεσθαι
778 959 841 1028 τοῖς
867 950 1032 1038 κρείττοσι·
1062 947 1158 1035 ταάτῃ
1178 951 1331 1036 δέμορφος
1350 944 1442 1011 elvard

331 1057 448 1140 λέγεται
471 1054 503 1119 i'x
527 1079 559 1120 τε
578 1061 635 1138 τῆς
654 1055 731 1142 πρὸς
751 1051 833 1138 ἡμᾶς
851 1051 883 1118 έκ
903 1079 935 1118 τε
954 1061 1009 1136 τῆς
1024 1053 1101 1140 πρὸς
1115 1053 1210 1129 θεοὺς
1223 1050 1334 1134 ὅψεως,
1362 1051 1422 1132 ὅγε

329 1160 392 1242 μὴν
405 1154 582 1234 Λουτάτιος
601 1157 697 1242 ἣλιον,
722 1157 806 1244 παρά
822 1157 856 1223 τὸ
870 1155 917 1245 ἐφ’
934 1153 1079 1245 ἑκατέρας
1095 1143 1192 1239 πάλης
1208 1153 1323 1242 άρχειν,
1351 1152 1422 1216 ἀνα-

329 1266 421 1344 τολῆς
440 1259 513 1338 ἴσως
533 1263 585 1326 καλ
605 1259 729 1338 ιλάσειος.
759 1263 836 1350 φασλ
861 1261 895 1325 δέ
914 1259 968 1325 τὸν
989 1260 1081 1325 αὐτὸν
1103 1261 1154 1323 καλ
1177 1259 1291 1346 έφορον
1306 1262 1365 1334 τῶν
1378 1257 1423 1319 int

329 1363 464 1447 πόλεμον
486 1360 649 1450 ὁρμώντων
669 1362 826 1448 τυγχάνειν
831 1410 842 1442 ,
865 1365 919 1427 -καλ
936 1361 988 1427 διὰ
1002 1363 1059 1445 μέν
1073 1369 1129 1445 τῆς
1142 1369 1216 1445 μιᾶς
1231 1359 1336 1442 ὅψεως
1351 1359 1423 1422 ‹ino—

328 1467 456 1551 πέμπειν
468 1467 520 1532 διὰ
533 1468 567 1532 δὲ
578 1474 633 1550 τῆς
644 1464 748 1555 ἑτέρας
760 1466 980 1532 ἀνακαλεῖσθαι
993 1466 1028 1530 τὸ
1043 1463 1226 1552 στράτευμα.
1245 1461 1262 1528 ὃ
1276 1466 1310 1528 de*
1323 1465 1422 1549 Πραι-
1431 1472 1457 1525 10

327 1572 469 1648 τέξτατος
483 1567 499 1634 ὅ
515 1568 712 1660 ἱεροφάντης,
739 1565 930 1657 ὁΣωπάτρῳ
946 1592 979 1634 τε
994 1575 1036 1658 τῷ
1053 1575 1176 1654 τελεστῇ
1191 1569 1243 1634 καὶ
1260 1569 1424 1656 Καννσταν-

327 1675 398 1762 τίνῳ
419 1680 462 1763 τῷ
481 1671 683 1761 αὐτοκράτορι
703 1673 865 1755 συλλαβὼν
886 1672 933 1737 inl
958 1678 1001 1760 τῷ
1022 1678 1163 1760 πολισμῷ
1178 1678 1233 1754 τῆς
1250 1669 1425 1752 εὐδαίμονος

326 1773 440 1859 ταύτης
458 1773 583 1855 πόλεως,
610 1774 739 1860 δύναμιν
761 1776 854 1842 αὐτὸν
875 1772 952 1841 εἶναέ
969 1801 1037 1841 τινα
1057 1773 1201 1858 βούλεται
1215 1773 1264 1862 ἐφ’
1283 1771 1426 1856 ἑκατέρας

326 1879 440 1968 άρκτοο
457 1881 649 1964 τεταγμένην,
675 1883 726 1944 καλ
749 1879 805 1959 τάς
820 1879 981 1966 θειοτέρας
994 1880 1100 1964 ψυχάς
1119 1879 1168 1944 ἐπὶ
1184 1877 1238 1944 τὸν
1250 1875 1426 1960 σεληνιακὸν
1499 1961 1500 1976 ρ

321 1984 418 2071 χορὸν
433 1981 629 2065 ἀποπέμπειν.
653 1987 705 2048 καλ
725 1989 823 2049 ταῦτα
842 1985 898 2065 μέν
912 1981 941 2047 οἳ
950 1980 1108 2064 Ῥωμαίων
1122 1980 1314 2070 ἱεροφάνται,
1337 1977 1425 2056 ἄλλος
1433 1989 1458 2042 15
1499 1999 1500 2002 ’

325 2087 363 2154 δέ
387 2108 463 2174 φησι
485 2085 539 2152 τὸν
559 2085 655 2151 Ἰανὸν
676 2083 765 2172 ἥρωα
785 2088 948 2170 γενέσθαι,
980 2087 1031 2150 καὶ
1057 2091 1178 2173 πρῶτον
1198 2082 1426 2150 κατασκευάσαι

324 2190 432 2272 τεμένη
453 2190 505 2254 καλ
526 2189 619 2271 τιμάς
639 2198 702 2267 τοῖς
725 2195 811 2268 θεοῖς
832 2189 1015 2269 έπιτελέσαι,
1045 2190 1096 2253 καλ
1122 2188 1175 2253 διὰ
1193 2194 1287 2253 τοῦτο
1307 2184 1426 2270 μνήμην

325 2291 420 2357 αῧτοῦ
436 2292 467 2355 έν
481 2301 544 2368 τοῖς
559 2291 651 2380 ἱεροῖς
665 2291 817 2377 γενέσθαι.
839 2291 856 2359 ὅ
872 2317 905 2378 γε
919 2291 982 2377 μὴν
996 2289 1181 2380 Δημόφιλος
1197 2297 1324 2377 πρῶτον
1339 2287 1427 2356 αὐτὸν

321 2392 465 2476 βούλεται
480 2393 582 2472 ολλιους
597 2397 648 2460 καὶ
662 2399 817 2474 πυλεῶνας
833 2393 1067 2473 κατασκευάσαι,
1094 2396 1144 2459 καλ
1158 2393 1218 2460 ἀπὸ
1232 2400 1291 2477 τῆς
1305 2391 1426 2467 λανοάας

323 2495 455 2584 (θάρας)
481 2495 666 2585 Ἰανουάριον
690 2497 919 2584 ὀνομασθῆναι,
945 2497 1022 2582 έχειν
1043 2499 1078 2564 δέ
1099 2498 1192 2564 αὐτὸν
1212 2503 1268 2562 καλ
1289 2495 1452 2584 &direpti

320 2599 457 2684 τοάνομα
479 2599 680 2688 Καμασήνην.
709 2599 848 2686 'Optime
873 2597 890 2668 ὃ
910 2599 1059 2687 Ῥωμαῖος
1083 2601 1180 2668 'laada
1202 2599 1373 2689 ἀλληγορεῖ
1394 2597 1425 2664 al

314 2701 395 2788 χάος
410 2699 522 2770 τέτατ’
1202 2756 1206 2766 .

224 2833 255 2890 p.
270 2813 306 2873 58
426 2805 462 2876 3·
507 2801 556 2872 ‘H
564 2806 599 2872 δέ
610 2803 716 2894 κράτη
729 2813 790 2874 τῶν
801 2810 961 2876 καλανδῶν
973 2803 1064 2897 ἑορτὴ
1074 2805 1236 2891 Ῥωμαίοις
1249 2811 1427 2890 σεβασμιιο·

377 2984 409 3042 ‚t
425 2977 516 3040 αὐτοῦ
530 2983 567 3036 Ρι
586 2979 795 3056 apudfleairda
881 2986 915 3041 13
929 2980 974 3055 ἐφ’
993 3003 1036 3040 em
1048 2983 1082 3039 Ρ.
1170 2984 1204 3039 16
1222 2981 1275 3040 καλ
1288 2982 1342 3039 τὸν
1353 2980 1426 3052 πρά·

214 3107 215 3112 ,
318 3056 322 3064 ’
360 3089 362 3094 .
390 3069 441 3107 τον
461 3055 531 3125 apud
545 3053 577 3109 S.

339 3206 470 3262 raesidem
486 3223 545 3260 eum
558 3205 677 3262 universi
689 3206 815 3278 temporis
832 3225 892 3263 esse
905 3209 1065 3276 arbitratur,
1080 3205 1195 3277 ideoque
1208 3207 1356 3263 duodecim
1370 3215 1426 3261 arae

355 3279 421 3330 bere
437 3275 493 3329 eiua
506 3276 628 3346 templum
644 3280 785 3332 secundum
803 3281 928 3332 mensium
945 3290 1089 3334 numerum.
1117 3277 1202 3330 Gaius
1219 3279 1325 3332 Bessus
1343 3287 1427 3332 autem

319 3343 349 3398 in
364 3345 432 3400 libro
444 3345 486 3398 De
502 3345 553 3399 diis
567 3349 718 3400 daemonem
733 3350 769 3415 (a.
784 3350 873 3416 deum)
888 3366 946 3401 eum
960 3366 1020 3402 esee
1032 3355 1110 3416 putet
1123 3347 1299 3400 constitutum
1314 3347 1344 3400 in
1357 3349 1425 3408 aere,

318 3431 421 3486 perque
434 3431 493 3468 eum
507 3415 637 3468 hominurn
653 3433 746 3485 preces
760 3418 874 3486 perferri
889 3419 922 3472 ad
940 3432 1067 3487 superos3
1084 3417 1209 3485 quocirca
1225 3417 1355 3470 biformis
1370 3431 1427 3468 esse

319 3484 418 3538 dicitur
431 3501 448 3536 a
462 3483 532 3538 facie
546 3492 574 3538 et
589 3485 622 3538 ad
636 3503 684 3538 nos
702 3493 730 3539 et
742 3488 776 3541 ad
790 3488 854 3540 deos
868 3501 1006 3540 conversa.
1033 3485 1155 3538 Lutatius
1169 3503 1234 3538 raro
1252 3484 1349 3551 solem,
1367 3485 1427 3536 inda

318 3555 391 3622 quod
403 3553 431 3605 in
445 3563 556 3623 utraque
570 3559 647 3623 porta
662 3551 790 3624 imperet,
810 3555 921 3608 orientis
937 3556 1037 3626 pariter
1050 3563 1130 3622 atque
1144 3554 1306 3609 occidentis.
1338 3555 1427 3609 dicunt

317 3632 405 3676 autem
416 3625 527 3676 eundern
538 3621 686 3694 praesidem
697 3643 756 3678 esse
768 3639 857 3678 eorum
870 3625 915 3692 qui
927 3624 956 3678 in
966 3623 1061 3678 bellurn
1072 3623 1289 3692 proficiscuntur,
1304 3623 1428 3678 etaltera
1499 3637 1500 3642 ¹

316 3692 387 3746 facie
402 3691 535 3746 dimittere
552 3692 636 3746 altere
648 3709 777 3747 revocare
795 3693 949 3748 exercitum.
978 3693 1164 3746 Praetextatus
1186 3701 1278 3746 autem
1295 3693 1427 3764 pontifex,

317 3760 442 3830 quicum
462 3761 577 3830 Sopatro
597 3771 781 3816 consecratore
801 3771 830 3815 et
849 3763 1023 3816 Constantino
1045 3763 1203 3831 imperatore
1217 3763 1361 3833 particeps
1378 3759 1428 3814 fnit

317 3830 470 3883 condendae
485 3831 635 3884 fortunatae
650 3829 727 3885 huius
747 3831 836 3899 urbis,
855 3840 1014 3903 potestatem
1029 3833 1158 3902 quandam
1175 3847 1234 3884 euin
1249 3850 1314 3887 esse
1329 3833 1386 3885 ruit
1401 3831 1426 3882 in

316 3905 430 3966 utraque
445 3899 517 3952 Ur'se
532 3900 691 3968 collocatam,
708 3910 737 3954 et
749 3901 894 3955 diviniores
908 3901 1007 3955 animos
1021 3901 1049 3954 in
1063 3909 1165 3954 coetum
1179 3899 1303 3954 lunarem
1318 3903 1424 3955 ducere.
1499 3941 1500 3952 ,

313 3973 344 4018 et
359 3966 424 4019 haec
438 3967 544 4036 quidem
559 3970 735 4023 Romanorum
768 3968 899 4025 ontifices.
927 3969 993 4024 alius
1007 3979 1094 4024 autem
1107 3971 1198 4024 Ianum
1212 3969 1327 4024 heroam
1343 3969 1425 4024 tuisse
1499 4029 1500 4032 η

317 4033 383 4089 dicit
387 4075 398 4117 3
419 4042 448 4089 et
461 4037 571 4106 primum
586 4039 732 4094 coniecisse
747 3987 820 4092 lineos
838 4048 917 4110 atque
931 4040 1044 4094 honores
1059 4040 1109 4094 diis
1124 4036 1271 4108 obtulisse,
1295 4042 1332 4094 ob
1346 4039 1425 4107 idque

314 4111 473 4157 mentionem
487 4105 544 4159 eius
557 4107 585 4160 in
598 4109 681 4162 sacris
694 4108 754 4162 lieri
766 4109 879 4162 solitam.
903 4105 1073 4178 Demophilus
1087 4126 1152 4163 vero
1165 4108 1283 4179 primurn
1297 4126 1359 4172 enm
1370 4107 1424 4160 ruit

314 4173 406 4226 domos
419 4191 451 4226 uc
467 4175 598 4230 vestibula
612 4178 760 4233 conieoisse
776 4187 804 4230 et
818 4194 835 4230 a
847 4179 927 4231 ianua
942 4177 1099 4248 appellatum
1114 4177 1268 4232 Ianuarium
1286 4195 1364 4244 ease,
1378 4177 1424 4230 ha-

313 4239 380 4294 bere
393 4250 479 4296 autem
491 4243 570 4300 etiam
582 4263 709 4315 sororem,
722 4248 765 4301 cui
778 4263 873 4300 nornen
883 4248 1039 4303 Camasene.
1053 4247 1167 4303 Ovidius
1179 4247 1321 4301 Romanus
1335 4247 1425 4301 lanum

314 4308 455 4380 allegorice
469 4311 557 4367 Chaos
574 4333 633 4368 esse
649 4315 724 4369 dicit.
978 4321 986 4336 ⁰

380 4381 407 4436 3.
443 4381 548 4438 Primae
562 4381 739 4441 Kalendarum
752 4384 838 4442 reus
850 4385 977 4445 Romanis
989 4383 1068 4457 louge
1081 4384 1268 4442 amctieaimae
1282 4395 1373 4443 erasm.
1398 4391 1426 4436 ct
