3100 4958
236 307 298 360 rm
532 287 645 362 nasu
668 289 727 360 DE
749 289 908 363 ΙΟΔΝΝΕ
933 289 1052 358 LYDO

238 501 375 574 receptus
396 490 474 552 circa
490 509 605 554 annum
618 491 699 570 512,
721 502 755 554 ut
775 489 911 569 ridetur,
933 491 1069 554 celeriter
1080 509 1142 554 non
1154 485 1195 552 ad
1208 473 1341 554 dotarios

236 593 329 655 modo
346 595 551 675 praefecturae
569 598 739 677 perveniret
759 593 814 656 sed
830 593 870 654 ad
883 596 1027 675 pecunias
1044 596 1136 656 etiam
1149 615 1340 676 pennagnss,

237 695 412 779 solidosque
435 719 543 761 aureos
567 698 723 760 conticeret
743 717 761 756 e
781 717 907 758 munere
929 717 984 758 suo
1000 700 1089 758 unius
1103 699 1283 778 ennispatio
1300 696 1342 758 ad

237 800 342 876 mille,
374 797 467 883 idque
488 805 565 862 iuste
586 821 622 860 ac
641 802 794 880 legitime,
827 799 1084 882 quemadmodum
1103 801 1169 880 ipse
1191 809 1342 860 asseverat

154 917 183 972 p.
201 915 221 956 r
238 905 259 968 8
280 906 323 966 27
343 921 376 983 p.
391 905 454 967 219
477 907 528 970 19.
570 923 628 962 nec
645 906 746 962 rninus
760 901 918 964 commode
931 905 959 964 ei
973 900 1080 962 cecidit
1095 899 1220 984 quadiu
1233 900 1345 964 eodem

239 1003 339 1064 officio
352 1014 418 1064 tum
431 1007 539 1086 agebat
551 1007 694 1086 patruelis
709 1007 774 1066 eius
788 1007 985 1083 Ammianus,
1006 1007 1091 1066 cuius
1104 1005 1236 1066 consiliis
1251 1016 1343 1088 atque

239 1107 347 1168 officiis
363 1117 394 1165 et
407 1107 483 1171 alias
501 1129 591 1191 saepe
614 1129 686 1169 usus
701 1118 746 1168 est
762 1117 793 1170 et
808 1108 943 1168 maxime
958 1109 992 1168 in
1006 1104 1143 1168 ducenda
1160 1125 1257 1168 uxore
1276 1119 1343 1169 tum

238 1211 358 1292 copiosa
373 1207 467 1292 (dotis
482 1209 623 1272 videlicet
637 1221 757 1270 centnm
771 1211 917 1270 librarum
931 1209 1010 1292 auri)
1023 1221 1090 1270 tum
1102 1211 1194 1270 etiam
1204 1211 1342 1290 probata,

238 1325 299 1394 qua
311 1317 330 1378 8
346 1315 500 1394 capeat
518 1317 537 1378 6
550 1325 642 1394 negat
656 1313 820 1396 quicquam
830 1313 923 1374 fuisse
936 1316 1057 1375 castius.
1078 1311 1343 1374 mumditiuterim

239 1413 279 1474 ad
298 1415 389 1494 primi
412 1411 584 1475 chartularii
601 1418 720 1493 locum,
741 1435 852 1496 magno
872 1415 1003 1493 honore,
1024 1435 1123 1498 neque
1136 1435 1286 1498 unquam,
1308 1425 1344 1478 ut
1430 1447 1435 1458 ·

237 1519 259 1582 d
276 1521 319 1582 27
333 1537 364 1598 Ρ.
373 1521 437 1584 220
451 1521 474 1581 2
490 1520 602 1595 scribit,
616 1520 672 1578 ulli
687 1517 801 1595 habito,
816 1516 897 1602 qnod
910 1518 1060 1579 adiutores
1074 1521 1198 1578 actuarii
1208 1517 1248 1578 ad
1260 1516 1343 1578 hunc

238 1616 367 1698 gradum
398 1631 608 1700 promoventes
639 1639 711 1680 eum
741 1623 821 1680 ultro
846 1623 1000 1700 elegerunt
1022 1619 1266 1704 stipendiumque
1285 1641 1344 1681 an·

239 1740 336 1780 nuum
356 1724 571 1784 constituerunt
590 1721 757 1783 solidorum
776 1723 835 1801 24,
857 1721 981 1784 adiectis
1000 1721 1117 1783 duobus
1137 1725 1344 1805 aliis,.iisqus
1407 1787 1409 1793 ¹

239 1826 377 1901 senibus,
406 1827 460 1908 qui
478 1827 607 1906 peoamia
633 1826 733 1887 oblata
757 1823 842 1886 idem
863 1845 974 1886 munus
996 1827 1197 1888 obtinuerant.
1238 1825 1344 1907 idque,

239 1928 305 1988 sire
318 1928 414 1988 Zotici
426 1948 458 2009 p.
471 1947 503 2009 p.
518 1930 582 1988 slve
595 1928 672 1990 alius
687 1930 854 2008 cuiuspiam
865 1927 945 2009 Lydi
958 1931 1078 2010 patroni
1089 1932 1185 2009 gratia
1197 1931 1345 1990 tributum

239 2031 269 2090 ei
289 2041 354 2110 est,
381 2029 464 2114 quod
482 2033 632 2112 suspicor,
664 2051 719 2092 seu
741 2051 828 2106 rere,
857 2029 940 2112 quod
961 2034 1027 2113 ipse
1045 2033 1111 2092 vult
1131 2031 1277 2111 intelligi,
1304 2031 1343 2092 ob

237 2135 363 2215 linguae
376 2136 503 2195 Latinae
516 2135 681 2215 perfectam
693 2134 865 2210 scientiam,
888 2131 926 2193 de
942 2152 1002 2215 qua
1015 2136 1175 2214 praecipua
1187 2136 1343 2213 glorietur,
1449 2197 1454 2208 ,

239 2245 271 2295 et
287 2239 410 2297 omnino
426 2237 464 2298 ob
477 2239 677 2318 multiplicem
692 2237 757 2296 eius
772 2233 956 2311 doctrinam,
977 2237 1151 2296 nouaclum
1166 2235 1343 2295 honorabile

239 2339 269 2398 ei
287 2339 346 2398 fuit
367 2338 421 2399 sed
444 2342 537 2400 etiarn
551 2349 775 2422 quaestuosum.
818 2357 891 2398 nam
902 2349 1022 2420 praeter
1033 2339 1218 2418 personalia,
1241 2339 1343 2419 quoti-

242 2437 347 2518 diana,
369 2444 594 2524 suggestiones,
616 2461 691 2523 quas
705 2442 910 2504 conscribebat
923 2445 1044 2536 nomine
1058 2439 1244 2516 adiuturum,
1267 2459 1343 2521 ope-

240 2561 290 2603 ras
312 2553 342 2603 et
362 2547 486 2606 notariis
510 2556 540 2604 et
560 2547 593 2605 in
616 2555 730 2606 secreto
754 2546 959 2627 praefecturae
985 2545 1196 2626 exceptoribus
1216 2562 1343 2623 magnas

241 2641 325 2705 dedit
347 2645 397 2726 (r.
413 2647 490 2712 ins
511 2653 555 2713 27
575 2669 606 2730 Ρ.
621 2651 684 2714 220
705 2647 778 2730 20),
800 2651 904 2730 sicque
921 2651 947 2710 si
966 2651 1066 2708 minus
1080 2648 1230 2728 publicae,
1250 2647 1343 2706 fami-

238 2747 308 2807 liari
322 2758 400 2808 certe
417 2751 462 2808 rei
477 2749 714 2833 compendioque
730 2771 785 2813 suo
800 2754 934 2810 maxime
948 2753 1062 2812 serviit.

201 2853 223 2915 8
327 2854 373 2912 Ac
390 2849 536 2912 hactenus
557 2851 682 2935 quidem
701 2856 803 2914 omnia
817 2855 846 2914 ei
860 2873 899 2914 ex
914 2855 1077 2914 sententia:
1099 2870 1205 2914 rerum
1216 2849 1347 2912 ¹ridetur

151 2948 179 3002 Ρ·
197 2948 229 2990 '¹
245 2951 430 3016 condicionis
449 2955 515 3016 eius
534 2959 728 3016 commutatio
744 2977 810 3017 esse
825 2957 904 3016 facta
920 2968 988 3038 post
1001 2977 1030 3016 a.
1042 2955 1122 3034 518,
1143 2974 1204 3037 quo
1214 2957 1346 3016 snau-

242 3056 305 3115 sius
317 3058 472 3137 Augustus
486 3068 616 3118 mortem
630 3059 723 3135 obiit,
743 3060 794 3119 vel
807 3069 930 3140 propter
943 3069 1139 3140 patronorum
1152 3068 1281 3118 mortem
1294 3078 1345 3118 rs-

242 3175 399 3221 cessumre
423 3179 442 3219 a
468 3181 501 3220 re
524 3162 664 3242 publica,
688 3162 738 3224 vel
758 3161 841 3244 quod
857 3159 940 3243 apud
958 3173 1095 3244 potentes
1115 3159 1254 3220 homiues
1271 3161 1346 3221 sub·

242 3259 386 3340 offendit,
406 3265 457 3323 rel
476 3263 560 3346 quod
578 3266 634 3326 sub
654 3267 818 3326 Iustiniano
839 3266 980 3326 universa
998 3264 1186 3345 praefectura
1200 3283 1346 3324 concursu

244 3363 450 3426 calamitatum
466 3368 606 3450 malaque
620 3368 810 3451 quorundam
830 3366 1086 3428 administratione
1104 3367 1283 3428 labefactata
1299 3377 1345 3428 est

244 3474 335 3548 atque
352 3470 505 3530 conuulsa.
547 3472 591 3530 ita
608 3491 729 3532 cursum
744 3469 868 3554 quidem
883 3469 1051 3532 officiorum
1066 3481 1146 3530 recte
1158 3473 1269 3548 tenuit,
1288 3470 1344 3530 sub

241 3568 402 3648 praefectis
418 3581 512 3650 praet.
532 3571 598 3650 his,
631 3576 749 3634 hiarino
769 3575 846 3655 Syro
871 3592 900 3632 a.
924 3572 1005 3649 519,
1032 3574 1171 3652 Appioue
1194 3573 1344 3652 Aegyptio

243 3677 354 3750 abio,
376 3673 579 3735 Demosthene
594 3696 621 3735 a.
630 3677 691 3742 521
715 3675 821 3760 (quem
832 3674 967 3738 laudata
989 3673 1151 3756 421³·236
1170 3676 1217 3758 8),
1239 3673 1346 3736 'l'heo-

245 3771 318 3836 doro
334 3787 365 3836 et
377 3776 526 3839 Archelao
540 3799 568 3838 a.
583 3777 663 3858 524,
688 3783 778 3838 Mena
792 3798 820 3838 a.
837 3779 917 3854 528,
937 3777 1060 3838 Atarbio
1077 3789 1106 3838 a·
1122 3777 1203 3854 529,
1226 3777 1344 3837 iuliano

243 3884 276 3934 et
293 3877 406 3938 Ioanne
426 3878 603 3960 cappadoce
626 3900 654 3940 a.
678 3881 757 3958 530,
785 3878 886 3943 Phoca
908 3890 937 3940 et
959 3883 1052 3942 Basso
1075 3899 1103 3940 a.
1126 3879 1206 3954 500,
1231 3881 1345 3938 Ioanne

244 3976 422 4059 cappadoce
446 3983 556 4042 iterum
577 4001 605 4042 a.
627 3981 707 4060 534,
737 3981 896 4045 Theodoto
918 4003 946 4042 a.
968 3983 1048 4057 541,
1079 3983 1169 4040 Petro
1191 3983 1344 4058 Barsams,

244 4081 292 4140 Fl.
314 4083 409 4161 Cyro,
429 4081 618 4159 Areobindo,
640 4086 794 4164 Gabriele,
816 4085 979 4163 Diomede,
1001 4081 1190 4164 Hephaesto,
1215 4085 1343 4165 aliisque
1471 4105 1474 4110 ·

244 4183 419 4264 permultis,
440 4184 522 4268 quod
537 4188 736 4266 lastinianus,
757 4199 791 4248 ut
805 4189 870 4250 fere
884 4191 933 4265 lit,
956 4185 1104 4250 exhausto
1116 4188 1230 4246 aerario
1245 4207 1344 4250 rame

245 4286 347 4368 hum,
368 4287 450 4374 quod
464 4289 497 4350 in
509 4287 713 4352 moderatione
729 4301 793 4352 erat
809 4310 844 4350 ac
860 4292 1062 4372 passinicuia,
1083 4291 1115 4350 in
1132 4289 1235 4352 crebra
1248 4307 1344 4374 qaas-
