3100 4958
498 393 846 470 comitumue
1169 425 1229 472 m

116 589 174 678 ipsi
194 591 294 658 elene
312 589 370 676 pilu
386 589 445 678 sris
464 591 604 681 Νιόβην,
624 593 668 681 pd
688 595 760 674 serie
776 591 886 676 θεούς,
908 591 1053 665 citium
1069 599 1226 686 ἐπείσθην,

117 689 192 760 siti
215 699 279 760 νῦν
298 698 462 779 πείθομαι,
490 695 533 776 eis
553 695 641 766 τοῦτ’
663 699 778 784 ἕγὲνετυ
808 699 875 780 [hic
897 723 1056 784 perperam
1079 706 1227 766 iterantur

117 800 212 859 rerba
222 843 233 876 ,
253 798 308 863 sul
327 793 424 880 κήδεα
441 798 560 882 πέσσει]
584 797 653 866 dll'
664 799 727 868 dud
739 807 801 868 sois
812 809 918 870 κακοῖν
929 809 992 870 των
1010 802 1227 886 συμπεσόντων

118 899 171 964 ut
189 905 250 965 soei
268 898 441 983 συμβάντος
458 901 585 980 πάθους
604 900 676 970 ccidi
695 911 823 988 λαλῆσαι
841 903 994 990 δυναμένη
1008 904 1084 991 υρδς
1103 903 1225 989 ου’δένω,

118 999 357 1087 προσηγορεύθη
382 1001 434 1070 tsi
458 1001 493 1072 sd
515 1004 557 1094 μή
578 1014 695 1088 φωνεῖν
714 1010 812 1085 λίθος.
856 1007 874 1075 ὅ
895 1005 929 1074 dl
949 1005 1056 1085 Λυδός
1069 1028 1164 1092 φησιν
1177 1007 1226 1076 b'ss

117 1096 286 1188 ’Λεωνίδης
300 1105 441 1190 ἐρασθεὶς
453 1103 566 1192 edric,
582 1106 625 1192 μή
638 1109 776 1186 πεισθεὶς
799 1109 875 1190 [leg.
890 1111 1083 1192 πεισθείσης]
1106 1107 1160 1176 ro'v
1177 1107 1226 1176 ol-

120 1233 177 1273 sos
197 1207 375 1292 Ῑνὲπρησεν.
415 1209 438 1292 ἦ
453 1209 487 1275 di
502 1206 658 1295 φεύγουσα
672 1209 779 1290 εὔξατο
791 1218 986 1296 indubium,
1006 1213 1059 1278 sui
1075 1208 1224 1296 ttrecieq.

121 1317 214 1372 ictum
232 1309 356 1394 Lydum
368 1313 494 1374 Villcieo
506 1316 715 1396 Ptolegomen.
732 1313 771 1375 ed
785 1315 873 1376 Iliad.
887 1339 919 1398 p.
932 1337 1008 1378 xm
1021 1327 1084 1378 not.
1100 1313 1113 1395 (
1118 1313 1150 1394 1)
1166 1335 1225 1378 no-

122 1425 218 1474 strsnn
237 1425 343 1496 putet,
364 1415 559 1498 probabiliter
577 1437 661 1479 sene.
704 1419 731 1480 is
748 1422 830 1478 enim
845 1418 925 1502 Lydi
937 1421 1038 1497 locus,
1060 1421 1117 1480 etsi
1132 1415 1225 1477 hodie

121 1535 180 1576 non
199 1527 340 1597 superet,
360 1529 463 1578 temen
487 1522 520 1580 in
541 1521 619 1584 libro
634 1521 671 1582 de
686 1523 841 1583 Mentibus
857 1523 956 1604 potuit
972 1542 1053 1600 esse,
1076 1541 1146 1581 cum
1164 1521 1223 1579 uli-

121 1617 286 1699 qnodpiem
298 1619 410 1681 Niobes
424 1624 511 1701 cpoli
523 1626 702 1686 collocatum
714 1625 910 1684 simulacrum
920 1621 1146 1686 describeretur.
1189 1623 1223 1682 in

120 1719 234 1781 sebolie
256 1732 359 1784 autem
376 1725 593 1786 Villoisoniunu
613 1726 662 1786 feo
681 1727 885 1786 reventissimo
908 1727 1027 1786 illatum
1049 1745 1115 1786 esse
1133 1725 1223 1784 illum

119 1825 235 1884 locum:
260 1835 341 1884 certe
361 1836 407 1886 eet
427 1837 497 1888 ente
515 1829 670 1889 saeculum
689 1829 747 1908 11,
768 1847 829 1912 quo
850 1829 939 1890 estis
959 1826 1057 1890 codex
1070 1827 1135 1892 453
1151 1847 1224 1908 per·

119 1937 228 1989 uetus

199 2033 317 2091 Verum
329 2047 390 2110 qno
403 2038 539 2111 tempore
551 2030 585 2091 in
599 2029 707 2092 Codini
717 2031 920 2114 Antiqnltetes
930 2031 1076 2094 insertum
1089 2030 1129 2091 sit
1139 2026 1220 2111 Lydi
1241 2032 1282 2101 14

123 2151 246 2208 nomen,
265 2130 301 2192 id
322 2130 447 2213 quidem
461 2135 672 2195 multominus
686 2135 918 2216 potestfirmeri.
961 2131 1110 2196 hebemus
1129 2133 1224 2192 nimi·

129 2255 187 2294 mm
207 2234 289 2296 duos
310 2253 330 2295 e
350 2236 441 2296 seriis
460 2238 542 2296 reric
561 2239 756 2319 interpolatos
784 2239 893 2316 libros,
924 2237 979 2322 qui
1002 2234 1074 2296 huic
1095 2233 1221 2313 chinc,

126 2337 249 2398 incertae
270 2337 376 2396 aetatis
395 2334 531 2416 homini,
553 2341 740 2418 tribuuntur,
765 2343 894 2402 elterum
914 2339 954 2402 de
973 2339 1086 2402 Officiis
1105 2339 1221 2420 palatii,
1236 2356 1265 2412 p.
1282 2355 1355 2398 uxr

121 2440 249 2498 alterum
269 2435 310 2498 de
330 2438 501 2519 Originibus
520 2444 806 2526 antiquitetibusque
823 2444 937 2525 Gpolis.
978 2439 1028 2504 his
1044 2443 1077 2502 in
1089 2441 1224 2522 Origini-

119 2540 189 2616 bus,
213 2538 264 2598 ed.
279 2541 423 2601 Lembec.
439 2543 980 2627 Peris.etypographiellcg.1655‚
1003 2545 1059 2604 fol·
1080 2565 1112 2625 p·
1132 2547 1172 2607 19
1183 2545 1225 2620 A,

122 2663 151 2700 a.
162 2647 218 2716 86,
240 2645 428 2704 mentionem
445 2643 527 2727 Lydi
545 2645 610 2706 fieri
633 2649 722 2708 multi
743 2659 862 2730 putant.
904 2649 936 2708 in
954 2647 1124 2706 narratione
1140 2647 1223 2706 enim

121 2745 158 2806 de
176 2757 275 2805 stetus
295 2762 373 2827 quse
386 2765 476 2808 ruens
489 2749 660 2808 Himerium
675 2748 890 2814 chartularium
904 2751 1099 2830 oppresserit,
1122 2746 1226 2808 efferri-

121 2851 238 2908 loennis
251 2848 379 2907 alicuius
392 2845 567 2932 philosophi
580 2855 802 2931 auctoritatem,
823 2849 906 2935 quod
927 2853 954 2911 is
974 2853 1118 2931 scrIptum
1133 2852 1222 2910 inve·

119 2953 212 3012 nisset
237 2953 353 3012 clerum
375 2947 529 3032 quendem
551 2951 707 3015 hominem
727 2956 783 3017 sub
803 2954 862 3017 hoo
883 2957 969 3034 signo
992 2953 1063 3036 (rel
1087 2973 1142 3034 per
1162 2949 1222 3012 hoo

118 3051 260 3134 signum)
286 3054 348 3112 vita
369 3054 557 3116 functurum:
588 3058 694 3118 iccirco
713 3067 818 3138 postes
836 3055 1043 3140 Philippicum
1061 3055 1221 3116 Caeretem

119 3159 163 3242 (is
175 3159 341 3239 imperarit
351 3171 380 3216 a·
393 3159 459 3224 712
473 3168 504 3218 st
515 3155 581 3241 sq.)
604 3161 725 3240 signum
739 3157 773 3220 id
787 3157 895 3220 eodem
911 3161 978 3221 lcoo
993 3161 1148 3220 interram
1163 3157 1220 3220 de-

118 3259 241 3322 fodisse.
284 3261 398 3320 Graece
427 3261 471 3322 sic
499 3271 561 3322 est:
589 3253 730 3343 Ἰωοῖυυης
749 3259 783 3326 dl
801 3283 846 3338 τις
866 3255 1037 3343 φιλόσοφός
1055 3279 1151 3346 φησιν
1173 3256 1221 3329 bre

118 3356 206 3448 οὖρον
229 3359 294 3428 desc*
313 3357 424 3427 sorim
437 3368 494 3429 roei
507 3365 615 3441 iudico
631 3363 757 3441 ἔνδοξον
771 3361 869 3447 ἄνδρα
879 3358 1115 3448 τεθνηξόμενον.
1157 3359 1220 3446 dp’

118 3459 155 3531 orl
170 3462 354 3542 Φιλοππικδς
367 3463 386 3531 d
398 3463 539 3549 βασιλευς
555 3466 806 3551 πληροφορηθεὶς
827 3465 959 3534 ἐκέλευσε
972 3462 1007 3532 ου’
1020 3463 1095 3534 oded
1109 3463 1219 3544 ζωδιον

117 3567 150 3633 te
170 3562 258 3654 crispi
273 3571 318 3654 spi
340 3562 424 3656 einp
447 3575 692 3654 κωυηωσθῆυυι.
732 3590 789 3630 uec
803 3566 991 3645 mehercule,
1014 3571 1100 3630 sisic
1115 3570 1219 3630 locum

118 3673 366 3752 interpretemur,
387 3673 466 3733 sieut
476 3672 602 3736 fortasse
615 3692 790 3755 possumus,
811 3691 922 3753 nempe
937 3671 1088 3732 Codicum
1100 3666 1150 3728 hic
1163 3688 1218 3748 pro

119 3775 289 3835 testimonio
302 3775 437 3856 aliquem
446 3774 570 3836 laudare
582 3775 662 3856 Lydi
677 3777 792 3851 locum,
814 3793 892 3848 non,
913 3775 1053 3856 inquam,
1078 3768 1156 3830 illud
1167 3790 1218 3830 me

119 3886 235 3952 movet,
257 3875 341 3959 quod
356 3879 391 3937 in
410 3879 616 3960 superstitibus
637 3874 729 3938 hodie
750 3875 830 3960 Lydi
852 3876 970 3956 scriptis
996 3893 1032 3934 ee
1052 3873 1218 3957 praedictio

119 3997 269 4060 nusquam
284 3981 406 4060 legitur.
449 3992 513 4042 eret
526 3981 652 4042 forsitan
663 3982 696 4040 in
709 3981 771 4041 illis
789 3978 923 4062 partibus
941 3976 1012 4036 libri
1031 3975 1069 4038 de
1086 3977 1219 4038 Ostentis

119 4099 196 4162 quas
218 4083 453 4162 interciderout3
481 4085 600 4144 eratin
622 4083 700 4144 libro
723 4082 761 4142 de
784 4081 958 4142 Mentibus:
979 4081 1219 4163 necquicquam

120 4185 251 4263 profecto
269 4187 369 4264 magis
389 4186 529 4248 convenit
551 4187 585 4244 in
604 4183 744 4267 Lydum,
764 4185 938 4264 religiosum
953 4195 983 4244 et
997 4182 1174 4244 historicum
1186 4189 1217 4239 et

119 4287 150 4345 in
162 4286 271 4350 statuis
283 4287 488 4349 describendis
501 4290 657 4370 copiosum
670 4285 842 4364 homiuem,
865 4307 958 4368 quem
973 4281 1123 4347 eiusmodi
1137 4283 1217 4342 sati·
1234 4309 1264 4362 p.
1281 4303 1362 4344 xxxrr

119 4389 237 4456 οὶυωΐίο.
280 4389 338 4456 scd
360 4409 430 4454 ecce
452 4399 555 4456 auctor
580 4393 728 4454 recentior
749 4391 803 4452 ille
823 4401 854 4453 et
869 4389 1032 4467 barbarus,
1053 4387 1139 4448 cuins
1153 4385 1217 4446 ire-
