3022 4938
298 339 357 406 DE
375 333 714 406 msclsnrsfflns
729 337 775 408 J’.
794 337 836 406 R.
860 336 988 407 aflai
1118 339 1190 410 125

95 506 169 578 σατό
181 538 215 578 τε
228 509 286 600 τὴν
299 511 424 600 ἤπειρον
438 513 489 577 ναὶ
502 519 565 588 τοῖς
581 505 689 598 φόροις
704 507 858 598 ἕβοίρονεν.
909 511 965 596 (5)
984 509 1060 579 ὥστε
1076 507 1190 599 τόραν-

94 641 143 694 νος
157 608 196 698 ἦν
209 612 410 699 ὃῬωμάλος,
435 623 555 703 πρῶτον
569 617 625 699 μὲν
638 613 691 679 τὸν
707 613 841 702 ἀδελφὸν
858 616 970 682 άνελάιν
984 620 1035 682 καί
1054 618 1106 681 τόν
1122 620 1190 699 μεί-

95 722 181 799 ζοιοι,
206 722 258 786 καὶ
273 718 414 806 πράττων
429 715 546 804 ἀλόγως
560 719 599 784 τά
613 721 849 805 προσπίπτοντα.
899 718 995 806 ταότη
1017 723 1068 786 καὶ
1088 723 1189 808 Κυρῖ-

93 847 144 899 νος
158 821 394 910 προσηγορεύθη
416 822 504 890 οἱονεί
527 820 647 908 κάρτος,
671 821 728 886 κάν
751 823 777 888 εί
800 823 985 912 Διογενιανῷ
1006 829 1051 913 τῷ
1071 829 1188 902 λεξικο-

72 921 202 1013 εγριίριρ
218 925 319 1004 άλλως
332 930 423 1014 δοκῇ·
449 926 521 992 οὐδὲ
533 925 592 1012 γὰρ
608 922 758 1010 ἀγνοήσας
771 921 788 992 ό
800 924 955 1009 Ῥωμύλος
968 926 986 1011 η’
1003 929 1032 994 oi
1047 929 1111 994 κατ’
1129 929 1187 994 αδ-

92 1027 143 1094 τδν
159 1032 312 1096 δείκνυται
324 1031 394 1096 κατ’
411 1031 505 1098 turno
519 1036 628 1116 καιροῦ
643 1026 841 1112 τὴνἙλλάδα
854 1030 969 1120 φωνήν,
983 1033 1039 1115 τὴν
1054 1033 1189 1097 Αἰολίδα

93 1133 184 1216 λόγω,
211 1131 254 1210 ὥς
267 1157 361 1222 φασιν
375 1131 437 1203 ὅτε
449 1131 565 1202 Κάτων
583 1133 615 1198 ἓν
636 1137 680 1222 τῷ
702 1136 769 1220 περὶ
787 1131 956 1220 Ῥωμαϊκῆς
977 1133 1189 1222 ἀρχαιότητος,

93 1233 227 1322 Βάρρων
248 1261 279 1302 τε
301 1233 317 1302 ὁ
334 1239 607 1320 πολυμαθέστατος
624 1237 656 1302 δν
671 1239 841 1322 προοηιιίοις
855 1245 917 1304 τάν
933 1239 1010 1325 πρός
1025 1237 1190 1322 Πομπήϊον

94 1337 176 1426 circi
189 1342 420 1428 γεγραμμένων,
450 1338 613 1427 Εὐάνδρου
627 1341 680 1406 καλ
694 1346 754 1409 τῶν
770 1340 872 1406 ἄλλων
880 1341 1037 1430 Ἀρκάδων
1054 1346 1097 1420 ιίς
1109 1343 1189 1410 Ἰτα-

59 1455 88 1508 10
94 1444 159 1508 λίάν
171 1437 327 1510 ἐλθόντων
337 1446 412 1510 ποτὲ
426 1447 477 1538 ηαδ
492 1445 546 1530 τὴν
559 1445 693 1512 Atesim
706 1453 771 1520 τοῖς
784 1442 956 1533 βαρβάροις
971 1441 1189 1534 ἓνσαειράντων

94 1543 207 1634 φωνήν.
257 1543 277 1630 ἡ
292 1548 350 1634 γδρ
364 1557 585 1637 γραμματικοῖς
597 1547 680 1632 παρά
694 1545 807 1632 ταύτην
820 1549 1190 1634 είσογομὲνη·ότνμολογία

93 1649 172 1730 μετὰ
191 1647 369 1736 συγγνώμης
389 1654 567 1736 βεβίασταο·
593 1649 653 1716 cirri
675 1649 803 1740 Κάριως
824 1649 901 1739 γάρ,
925 1657 1068 1738 πολίχνης
1090 1655 1189 1733 Σαβί-

93 1777 161 1832 νων,
188 1751 285 1830 οὕτως
300 1755 679 1843 αὖτόνπαρσνομασθῆναι
692 1753 866 1837 βούλονται,
888 1757 995 1843 καίπερ
1012 1756 1068 1840 οὐχ
1086 1753 1190 1842 ὁρμιά-

93 1857 323 1938 μενονδκεῖθεν,
355 1860 402 1922 ἰαί
426 1861 460 1927 δέ
481 1867 536 1926 τοῦ
550 1859 729 1924 Παλατίνοο
750 1863 864 1939 βουνοῦ
886 1861 1034 1942 τεχθέντα
1052 1884 1084 1924 τι
1104 1859 1189 1946 παρά

55 1971 87 2027 15
95 1967 161 2036 ταῖς
167 1957 283 2042 ὄχθαις
295 1965 351 2026 τοῦ
367 1962 528 2049 Τιβίριόος
544 1963 596 2028 καὶ
611 1962 766 2050 τραφέντα
780 1965 848 2030 ἐκεῖ.
899 1963 1023 2048 κοριόος
1042 1961 1102 2049 γάρ
1115 1960 1190 2028 ἑαν-

93 2062 163 2140 νοδς
177 2066 229 2128 καὶ
247 2063 396 2143 δεσπότας
400 2113 411 2145 ,
429 2065 494 2130 ἀλλ’
511 2066 547 2132 οὐ
560 2067 708 2150 βασιλέας
720 2064 861 2152 τύραννοι
877 2073 1001 2154 φιλοῦσι
1015 2069 1190 2134 καλεῖσθαι.

94 2165 157 2249 (6)
183 2169 367 2254 κρεῖπονιδέ
380 2173 539 2250 βασιλείας
552 2170 588 2235 τδ
602 2171 762 2256 Καίσαρος
777 2169 913 2252 άξίωμα,
948 2170 995 2236 ὅτι
1015 2173 1065 2233 καὶ
1082 2173 1190 2234 δοῦναι

93 2271 237 2350 βασιλίος
251 2268 347 2336 πάλαι
360 2283 424 2352 τοῖς
436 2273 556 2342 ’ἔθνεσιν
572 2271 623 2338 ἔνι’
644 2276 783 2352 ἔξουσίας
801 2269 870 2358 εἶχε.
921 2273 1048 2358 μισητὸν
1063 2271 1121 2358 γάρ
1138 2273 1190 2336 καλ

90 2365 257 2458 Ῥωμαλλιῆς
279 2376 460 2465 ’ἐλευθερίας
488 2374 648 2466 ἀλλότριον
676 2376 825 2455 δεσπότας
830 2425 841 2458 ,
879 2375 958 2443 data
981 2377 1026 2461 μὴ
1045 2375 1192 2460 βασιλέας

53 2475 163 2553 Ξῦτοδς
176 2485 365 2565 κρατοῦντας
379 2477 536 2562 όνομάζιιν
543 2528 554 2561 ,
583 2479 695 2548 καθότι
709 2479 858 2566 δεσπότης
877 2479 974 2564 ὄνομα
995 2478 1095 2546 κοινόν
1110 2481 1191 2545 ἐστιν

90 2577 195 2657 αὐτοῖς
207 2585 259 2648 οιαὶ
274 2593 338 2661 τοῖς
350 2584 405 2650 ἵνα
419 2585 572 2672 δραπέτην
585 2586 776 2669 κεκτημένοις
782 2634 793 2664 ,
826 2585 863 2652 τό
878 2587 912 2652 δι’
924 2586 1075 2668 βασιλέων
1089 2583 1193 2650 αὐτῶν

89 2685 141 2747 sni
153 2682 265 2768 μόνων.
311 2689 362 2752 καὶ
375 2692 469 2771 δῆλον
481 2687 623 2775 ἀντικρὺς
638 2688 685 2754 ότι
696 2685 857 2771 Ῥωμαίοις
871 2687 945 2766 δ’όος
957 2687 1103 2752 deminrm
1118 2685 1191 2762 τοδς

90 2785 337 2876 τυραννήσαντας
352 2791 523 2873 άποκολιῖν,
550 2789 592 2870 ὡς
606 2791 644 2878 δὴ
659 2789 781 2858 Σύλλαν
796 2796 846 2858 καὶ
861 2789 1006 2880 Μάριον,
1031 2793 1083 2855 καί
1099 2790 1190 2874 όομι-

156 2927 356 3007 ὃλνξογράφφ
378 2935 457 3007 vulgo
480 2941 509 2990 et
529 2936 654 2990 hocloco
677 2937 737 2990 eti
758 2937 801 2992 17.
939 2931 1085 2992 sturme
1106 2933 1192 3006 prima

157 3019 249 3056 manus
267 3005 300 3058 C.
404 3007 421 3060 9
439 2999 570 3060 άλνάδων
586 3007 626 3060 Cr
644 3024 705 3060 corr
721 3009 756 3060 F.
860 3007 895 3062 22
911 3001 1000 3074 μόνον
1020 3005 1059 3058 C:
1077 3021 1137 3060 corr
1153 3003 1188 3058 F.

88 3120 197 3174 tributis
214 3123 345 3178 oneravit.
381 3125 434 3194 (5)
453 3143 536 3196 qnare
552 3133 680 3194 tyrannm
702 3133 760 3180 erat
778 3125 919 3190 Romulum
943 3125 1113 3196 quiquidem
1133 3139 1191 3176 eom

88 3189 197 3244 fratrem
211 3193 295 3260 prime
309 3211 420 3264 eumque
433 3205 497 3248 natu
509 3196 634 3250 maiorem
646 3197 790 3264 interiecit,
804 3205 858 3250 tum
871 3205 970 3250 temere
985 3196 1111 3266 quicquid
1124 3192 1191 3276 egit.

89 3255 151 3314 hinc
165 3277 270 3330 «proque
288 3263 416 3326 Quirinus
432 3265 518 3318 dictam
531 3273 582 3334 est,
599 3266 628 3320 id
644 3276 686 3320 est
700 3264 796 3333 πόριος
813 3265 974 3334 (dominus);
992 3264 1110 3336 quamvis
1122 3261 1190 3315 Dro-

89 3329 213 3398 gcniano,
231 3332 416 3387 vocabulorum
431 3334 565 3404 scriptori,
583 3335 660 3388 aliter
674 3333 786 3404 placeat.
821 3353 880 3390 nam
896 3345 1000 3388 constat
1013 3331 1149 3386 Romulum
1163 3336 1192 3384 et

89 3398 213 3467 aequales
232 3399 288 3454 eius
300 3401 414 3471 lingnam
431 3406 579 3472 Graecam,
595 3405 712 3458 Aeoliam
730 3404 805 3470 dico,
823 3421 874 3457 non
889 3405 1045 3474 ignorasse,
1071 3411 1101 3454 at
1117 3399 1192 3457 aiunt

91 3467 170 3534 Cato,
187 3469 214 3520 in
229 3468 298 3524 libro
312 3472 346 3524 de
362 3473 519 3542 antiquitate
532 3475 660 3542 Romans,
677 3484 706 3528 et
718 3473 884 3528 doctissimus
901 3475 996 3539 Varro,
1012 3473 1042 3524 in
1056 3469 1191 3540 prooemio

89 3536 193 3590 mmm
213 3555 281 3608 ΨΜ
296 3543 328 3593 fid
346 3540 498 3612 Pompeium
517 3543 638 3613 scripsit:
656 3544 755 3615 quippe
770 3544 897 3597 Evander
914 3542 1049 3610 ceterique
1066 3539 1192 3604 Arcades,

91 3605 117 3659 in
136 3607 240 3662 ltaliam
260 3608 320 3662 oiim
338 3613 512 3680 transgressi,
535 3612 652 3666 Aeoliam
675 3613 790 3682 linguam
812 3613 883 3666 inter
906 3613 1034 3665 barbaros
1058 3623 1191 3678 sparsere.

90 3692 150 3728 nem
164 3679 233 3746 quod
247 3687 416 3760 praetereas
431 3682 606 3750 grammaticis
623 3684 734 3736 affertur
749 3691 866 3750 etymon,
882 3697 948 3753 pace
964 3696 1054 3733 eornm
1068 3677 1095 3729 vi
1108 3684 1190 3729 attra-

90 3755 161 3798 ctum
177 3747 299 3802 dixerua.
335 3767 352 3802 a
370 3750 442 3816 Cyro
459 3752 528 3804 enirn
545 3751 702 3806 Sabinorum
719 3751 818 3822 oppido
840 3768 898 3804 eum
914 3751 954 3803 its
970 3747 1128 3801 nominatam
1142 3763 1191 3796 vo-

90 3811 161 3881 lunt,
180 3817 300 3884 quamvis
316 3835 369 3871 non
385 3819 448 3873 inde
464 3821 614 3889 oriundum,
640 3823 688 3874 ssd
706 3819 733 3875 in
749 3818 815 3874 colle
828 3820 949 3874 Palatino
971 3819 1004 3870 ad
1024 3815 1133 3870 Tiberis
1153 3815 1191 3867 ri-

90 3898 149 3950 pam
164 3895 252 3938 natam
270 3886 420 3958 ibidemque
437 3891 585 3943 educatum.
619 3891 738 3944 dominos
751 3889 854 3944 scilicet
869 3907 900 3943 ss
916 3885 1033 3956 tyranni,
1052 3902 1103 3938 non
1117 3884 1193 3953 prin·

90 3952 164 4020 cipes
183 3955 312 4024 appellari
327 3967 424 4012 amant.
459 3960 501 4026 (6)
520 3957 603 4012 maior
616 3976 681 4012 vero
695 3977 772 4028 quam
784 3959 857 4026 regis
871 3965 913 4012 est
926 3955 1049 4011 Caesaris
1066 3953 1192 4022 dignitas,
1226 3975 1230 3981 ·

89 4022 135 4088 qui
150 4021 194 4076 τοί
209 4041 287 4093 reges
304 4025 427 4094 gentibus
443 4029 522 4082 dandi
539 4026 600 4080 olim
616 4035 775 4097 potestatem
790 4027 923 4082 habuerit.
958 4025 1057 4110 qnippe
1074 4025 1193 4078 odiosmn

90 4099 132 4142 est
149 4101 229 4162 atque
246 4111 262 4145 a
278 4095 397 4150 Romana
413 4097 526 4150 alienum
542 4097 676 4164 libertate,
691 4097 820 4166 dominos,
837 4106 865 4151 at
881 4115 935 4150 non
949 4097 1083 4167 principes
1099 4091 1192 4163 eppei-

89 4157 146 4214 iare
159 4162 334 4232 imperantes,
360 4175 488 4234 quatenus
502 4167 600 4222 domini
615 4184 709 4220 nomen
724 4183 858 4220 commune
870 4167 937 4240 ipsis
951 4175 979 4220 et
991 4181 1068 4219 unum
1085 4179 1192 4218 servam
1258 4167 1260 4172 '

90 4231 304 4302 possidentibus,
330 4235 458 4305 principis
475 4245 561 4290 entem
576 4235 670 4290 nuliius
690 4236 742 4290 nisi
760 4235 878 4306 ipsoram
893 4245 944 4292 est.
961 4253 1012 4290 -ac
1027 4234 1193 4288 manifestum

90 4313 198 4378 prorsus
215 4311 272 4368 est,
297 4304 430 4358 Romanos
446 4305 533 4360 solere
552 4306 671 4360 dominos
688 4305 822 4376 appellare
844 4324 891 4360 eos
914 4305 960 4377 qui
983 4304 1090 4372 tyranni
1107 4303 1192 4368 inere,

90 4369 170 4422 sumai
189 4370 290 4438 Syllam
304 4372 432 4427 videlicet
443 4375 619 4445 Mariumque,
634 4385 663 4430 et
675 4375 878 4445 dominationem
888 4375 1066 4446 tyrannidem.
1101 4369 1192 4442 depri-
