3100 4958
324 363 423 412 mv!
609 338 721 408 ntslt
746 335 985 406 1)lethss
1009 335 1130 404 nmo

326 563 415 628 quem
434 543 525 603 Ἰίοὶα
540 551 713 621 expugnate
727 550 784 612 est,
804 537 982 618 Eupdon'on
995 555 1118 610 menn,
1143 533 1202 594 οίίί
1214 531 1426 615 urdrmsrsr'sse

223 675 228 688 ·
325 648 460 707 οτιιίιιοί.
507 647 622 728 etquis
637 663 699 704 uon
715 641 799 705 ridet
813 639 978 722 legendum
992 638 1088 722 ίιτροί
1107 655 1183 720 φησι
1200 641 1360 700 ΠΤΑΗΝ
1370 659 1425 721 ys-

325 749 457 813 stocos?
478 745 561 830 quod
576 757 689 807 castum
703 767 769 808 esse
783 747 945 806 lectionem
962 753 1027 802 tarn
1046 743 1211 804 sententiae
1224 743 1426 802 wncinnitsto

324 870 418 933 quem
427 850 599 911 fabularum
611 851 792 910 Troioarum
801 845 1054 928 explicationibus
1069 845 1270 906 confirmatur.
1292 854 1323 904 et
1332 844 1425 924 paulo

323 965 393 1036 post
406 974 438 1034 p.
454 953 515 1018 125
531 955 587 1013 lin.
606 955 641 1017 1:
672 946 848 1034 Ἀστίηιτιοί
868 955 947 1031 τριῖς
967 945 1103 1032 λίςοντοιι
1119 945 1280 1031 revisens,
1305 950 1426 1028 ιιροῖτος

322 1051 508 1131 ’Λπόλλωνος
525 1058 581 1120 τοῦ
592 1053 775 1134 Ἡφαίστου,
806 1049 843 1128 ὃς
862 1051 965 1134 dissipe
980 1045 1100 1132 μήίιρν·
1129 1045 1269 1133 δεύτερος
1291 1044 1426 1132 (leprico

321 1161 382 1222 sori
395 1152 518 1222 Ἐλάτου
532 1155 585 1220 nol
601 1155 800 1236 Κορωνίδος)
818 1153 916 1236 ίρίοις
930 1145 1046 1233 ίτιίφιρ·
1073 1152 1174 1234 τρίτος
1186 1149 1354 1234 ’renotem
1371 1149 1426 1216 eal

321 1254 479 1342 Ἀρσινόης
491 1263 546 1340 τῆς
560 1259 748 1323 Λευκίππου.
792 1249 882 1334 οὗτος
898 1247 967 1338 εὗρε
980 1250 1078 1336 τομήν
1090 1252 1144 1317 ταί
1157 1249 1351 1339 ὀίοντᾶγρον,
1371 1252 1426 1317 stoi

322 1354 423 1440 τάφος
439 1355 524 1446 crispi
535 1361 570 1428 ίν
585 1358 734 1448 Ἀρκαδίᾳ.
776 1362 804 1422 is
816 1361 900 1422 locus
911 1359 1022 1439 partim
1033 1354 1227 1440 depromptus
1241 1367 1340 1418 estex
1353 1355 1426 1415 cta-

322 1466 435 1524 mentis
450 1461 651 1524 Alexandrini
666 1462 879 1524 cohortatione
895 1459 935 1520 ad
950 1469 1054 1540 gentes
1069 1460 1138 1540 (lib.
1152 1464 1171 1524 1
1185 1458 1233 1520 ed.
1243 1461 1355 1518 Potter.
1366 1467 1391 1516 t.
1405 1461 1424 1523 1

324 1569 436 1629 oxonii
454 1565 554 1642 1715,
575 1567 629 1627 t'ol.
650 1585 681 1646 p.
696 1564 770 1647 25),
789 1567 901 1647 partim
914 1565 992 1623 vele
1008 1564 1166 1639 Cicerone,
1188 1564 1239 1624 rel
1256 1581 1298 1622 ex
1308 1562 1425 1620 Graeco

323 1668 469 1747 scriptore
481 1667 536 1728 illo
549 1687 641 1750 quem
653 1669 756 1728 Cicero
772 1667 932 1747 exscripsit
946 1663 984 1724 de
997 1669 1034 1726 N.
1045 1665 1120 1728 Ins
1139 1668 1200 1730 22:
1222 1663 1426 1742 Aesculapio·

324 1789 394 1828 rum
402 1771 524 1849 primus
537 1771 709 1850 Apollinis,
731 1791 819 1851 quem
833 1768 973 1828 Arcades
986 1766 1091 1826 οοίιιιιί
1097 1789 1111 1841 ,·
1134 1768 1190 1848 que'
1202 1765 1360 1847 specillrms
1374 1768 1425 1824 irs-

322 1875 438 1933 svenr'sse
451 1875 631 1955 primusque
651 1872 765 1934 νιιίιιιιι
785 1872 899 1932 dume
914 1871 1113 1952 obligovisser
1134 1871 1283 1930 secundm
1300 1867 1426 1928 secundi

323 1977 474 2036 Mercurii
481 1976 598 2056 fraten-
618 1978 646 2034 ίι
654 1974 792 2055 snlnsine
800 1995 960 2053 percussae
972 1973 1083 2033 deins
1096 1971 1239 2031 Ιιιιιιιαίιιν
1251 1991 1312 2032 esse
1325 1971 1425 2050 cyno-

108 2137 111 2144 .
321 2080 419 2138 suris:
448 2082 553 2138 terune
565 2079 699 2156 Arsippi
709 2087 737 2135 et
745 2077 899 2136 Arsinoae
903 2117 916 2148 ,
945 2078 1001 2157 qni
1006 2077 1127 2154 prtinus
1132 2077 1348 2154 purgationem
1358 2073 1425 2134 αίνί

225 2203 255 2258 p.
269 2199 309 2242 nx
325 2180 372 2263 (in
385 2179 473 2264 Lydo
484 2187 587 2241 tamen
598 2173 712 2260 τομήν)
728 2179 883 2260 demusque
896 2179 1091 2249 evulsionem,
1112 2176 1275 2256 utsernnt,
1296 2179 1423 2251 invenitr
1502 2253 1510 2264 ἱ

321 2286 410 2343 nnn
424 2286 458 2341 in
469 2281 686 2348 Arcadem..
698 2279 788 2362 longe
806 2301 828 2339 a
840 2281 936 2340 Lusio
952 2281 1087 2359 flumine
1101 2279 1273 2359 sepulerum
1293 2291 1322 2337 et
1335 2278 1424 2338 ίιιοιιτ

319 2383 495 2444 ortendinsr.
547 2383 640 2444 rerba
661 2393 782 2460 autem,
811 2377 950 2467 deciesque
966 2381 1063 2467 ὅρίοις
1078 2376 1192 2464 ίτᾶφιρ,
1221 2381 1339 2462 comple
1360 2383 1423 2441 sio:

321 2489 390 2548 EN
410 2488 508 2548 ΊῸΙΣ
526 2487 854 2550 ΚΤΝΟΣΟΥΡΙΔΟΣ
871 2481 966 2568 ὁρίοις
982 2481 1093 2568 ἐτάφη.
1134 2485 1183 2546 Fl.
1198 2486 1337 2546 Clemens
1353 2484 1422 2546 loco

321 2587 372 2649 cit.
385 2608 418 2669 p.
430 2589 473 2651 26
486 2587 542 2646 ttn.
560 2586 601 2649 8:

508 2682 588 2762 Ζειίς
599 2683 658 2771 yolo
673 2685 823 2764 τατωιτοίς
840 2690 936 2753 παῖδα
949 2685 1003 2754 τίν
1016 2683 1092 2772 ipis
1104 2687 1215 2766 νίτιος,

504 2783 699 2870 Ἀσκληπιόν,
728 2787 895 2874 στέρνοισιν
910 2788 1050 2874 ludricis
1063 2786 1171 2875 φλόγα.

319 2882 410 2968 οὗτος
432 2888 488 2974 μὲν
509 2883 568 2956 οὖν
587 2899 682 2956 κεῖται
702 2892 910 2976 κεραυνωθείς
927 2893 962 2957 ἒν
982 2900 1047 2972 τοῖς
1062 2888 1292 2972 Κννοοοῦριδος
1313 2886 1423 2970 ὁρίοις.

319 2996 454 3054 sustineo
472 3013 522 3053 me
537 2991 597 3054 hoo
614 2997 697 3072 looo,
724 2993 895 3078 mendaque
920 2994 1060 3078 deinceps
1079 2997 1253 3078 sequentis,
1274 3001 1422 3074 quotquot

320 3106 409 3172 suut,
430 3114 493 3155 non
508 3117 671 3178 exsequar,
695 3095 778 3179 quod
796 3099 869 3157 satis
891 3095 1128 3158 demonstratum
1147 3117 1213 3158 esse
1235 3096 1361 3155 srbitror
1382 3090 1422 3153 ed

318 3196 573 3276 perpurgandum,
591 3219 685 3280 prope
702 3197 810 3276 dicam,
833 3197 873 3258 sd
886 3199 1049 3279 legendum
1063 3201 1202 3260 libellum
1215 3196 1253 3257 de
1267 3195 1421 3258 Mousibus

318 3317 395 3378 opus
408 3319 474 3358 esse
490 3301 619 3360 allorum
633 3312 788 3361 suetorum
804 3303 980 3378 collatione,
1010 3323 1079 3362 cum
1093 3303 1315 3384 antiquiorum,
1344 3317 1421 3381 quos

320 3402 479 3480 exscripsit
492 3400 614 3483 Lydus,
646 3413 714 3463 tum
731 3407 947 3480 recentiorum,
976 3407 1030 3486 qni
1051 3425 1086 3466 eo
1102 3425 1143 3464 ex
1155 3407 1232 3464 libro
1245 3401 1421 3476 hauserunt,

319 3500 443 3579 fluidus,
465 3503 617 3566 Eudocise
630 3508 793 3585 Augustae,
817 3504 933 3581 Codini,
951 3507 1181 3569 scholiastarum
1193 3509 1318 3589 aliquot,
1336 3504 1421 3583 glos-

319 3623 422 3666 sarum
436 3603 565 3688 denique
579 3608 671 3666 lexici
686 3609 848 3687 Gangiani,
873 3619 1020 3689 quatenus
1032 3609 1092 3671 huc
1100 3613 1266 3691 pertinent,
1288 3625 1328 3665 ex
1339 3609 1421 3664 inte·
1541 3651 1542 3670 .

319 3725 374 3786 gro
390 3729 480 3790 opere
495 3709 534 3768 de
545 3711 700 3771 iliensibus
719 3711 770 3771 rel
788 3730 829 3770 ex
845 3712 984 3789 epitomis
1003 3710 1162 3778 delibatae.
1206 3729 1337 3794 quorum
1352 3727 1422 3768 om-

317 3811 405 3870 nium
423 3815 686 3892 investigationem
716 3815 742 3875 si
760 3813 811 3872 rel
832 3809 990 3874 Schowius
1015 3817 1194 3896 suscepisset
1210 3813 1261 3873 rel
1277 3807 1420 3887 Beckius,

318 3907 403 3970 haud
429 3925 492 3973 erat
513 3933 585 3975 sane
604 3911 688 3995 quod
705 3917 864 3997 quisquam
882 3919 1022 3976 meliores
1040 3920 1218 3997 interpretes
1236 3916 1420 3995 requireret:

318 4011 373 4070 sed
388 4010 498 4072 horum
512 4016 641 4074 alterum
653 4017 752 4076 officia
765 4021 847 4099 regia
860 4018 1092 4100 impediverunt,
1113 4019 1242 4078 alterum
1256 4013 1357 4076 studia
1370 4013 1420 4076 di-

313 4133 405 4174 rersa
419 4134 516 4198 eaque
530 4117 669 4196 clariors3
690 4139 768 4202 quoe
784 4121 861 4182 adeo
877 4133 973 4197 ornat,
995 4131 1031 4179 ut
1044 4123 1134 4202 plane
1147 4139 1209 4180 uon
1224 4119 1331 4178 finisset
1345 4139 1420 4199 pro-

206 4247 236 4303 p.
254 4243 306 4285 uss
318 4215 453 4294 bandus,
487 4222 514 4279 si
526 4223 701 4299 ingenium,
731 4241 791 4303 quo
805 4236 941 4286 auctores
957 4223 1088 4284 illustret
1103 4222 1217 4281 liberae
1229 4223 1313 4282 illius
1326 4231 1419 4304 etque

316 4321 485 4384 fortunatus
507 4323 667 4400 Graeciae,
687 4325 885 4407 incoeptore
898 4326 1060 4386 inclinatae
1077 4325 1319 4404 consumpsisset.
1360 4345 1419 4384 nac
