3038 4950
490 341 550 412 DE
576 341 793 414 OSTEll'l'lS.
1120 345 1196 416 339

105 515 136 582 ίν
156 503 206 604 ἦρι
222 510 249 600 ἢ
271 505 463 608 μεταπιόρερ,
480 515 548 606 περὶ
563 515 620 602 τήν
633 512 777 596 πλειάδος
791 517 843 584 καί
860 509 1031 608 άρκτοόρου
1044 513 1196 606 ίπιτολήυ.

103 619 173 686 όθεν
193 617 264 686 οὐδὲ
283 619 315 684 ἓν
332 621 454 712 Σκυθίρι
474 617 495 704 ip*
516 617 668 686 συνελόντι
687 624 779 688 είπεῒν
799 623 846 687 dni
866 621 901 688 τό
920 619 1057 713 άρκτρῖαν
1071 624 1195 710 κίντρον

100 720 261 810 κεραυνοός
270 719 460 805 βάλλεσθαι,
485 720 580 809 ἤμουν
595 725 643 789 lul
655 722 691 790 τό
706 721 819 804 νότιον,
844 725 993 814 κίκριται,
1015 725 1067 791 διά
1078 727 1112 792 τό
1126 747 1192 810 ψο-

95 823 171 915 χρόν
189 828 240 892 καλ
258 825 377 914 θερμόν
396 831 452 914 τοῦ
470 827 550 894 κατὰ
571 827 644 906 soie
662 825 786 917 χώρους
803 829 932 908 ίκείνους
950 827 1194 913 καταστήματος.

74 931 144 996 slat
165 929 199 994 de*
220 936 275 1013 τῆς
294 929 422 1009 Ἰταλίας
443 925 485 1010 ὥς
500 929 651 1014 μάλιστα·
678 929 822 1020 εόκρατος
833 932 892 1020 γάρ
907 933 1016 1018 σχεδόν
1031 933 1116 1020 παρά
1133 939 1195 998 πᾶν

90 1033 205 1120 χωρίον
228 1029 246 1096 ὃ
268 1033 339 1100 κατ’
363 1032 477 1118 ίκείνην
493 1032 554 1123 άήρ
561 1081 574 1114 ,
600 1030 660 1100 άπὸ
672 1036 728 1116 μὲν
744 1032 832 1102 νότου
847 1041 979 1124 πλευράς
993 1033 1137 1124 ἕκατίρας
1150 1043 1195 1124 τῷ

91 1140 193 1227 βορρηῖ
213 1132 321 1222 ίόπορί
339 1162 373 1204 τε
396 1135 487 1226 κάρῳ
506 1162 537 1205 τε
560 1137 593 1216 ίξ
610 1136 745 1205 Ἄλπεων
765 1142 1006 1225 καταπνεομένης
1022 1138 1123 1224 πάσης
1137 1147 1193 1226 τῆς

91 1235 288 1324 ὑποκειμένης
303 1247 346 1330 τῷ
357 1239 516 1330 Ἅπεννίνηι
535 1241 683 1326 βαθείας,
709 1240 770 1333 tini
786 1242 820 1308 ll
833 1250 889 1310 τοῦ
901 1243 978 1332 πρός
992 1245 1064 1325 λίβα
1078 1241 1193 1325 νεύμα-

89 1367 142 1420 τος
161 1350 206 1432 τῷ
226 1338 321 1432 νότῳ,
346 1347 397 1410 καλ
418 1343 498 1433 νότιρ
515 1344 551 1409 οὐ
571 1351 617 1434 τῳ·
638 1348 722 1433 ξηρῷ
733 1347 785 1410 καί
800 1352 896 1434 βαρεῖ
907 1347 985 1413 άλλιλ
1001 1353 1044 1434 τῷ
1059 1371 1193 1432 γονιμω-

53 1457 84 1513 10
92 1441 172 1534 τάτηι
194 1443 333 1525 πόντιον,
359 1444 424 1512 οἷον
438 1443 511 1513 είναι
525 1454 660 1514 τοιοῦτον
671 1443 692 1532 ή
704 1443 884 1536 παρήκουσα
900 1449 978 1537 πρὸς
990 1447 1125 1536 Γάδειρα
1143 1451 1194 1514 inl

89 1547 122 1614 τό
137 1548 330 1615 Ἀτλαντικὸν
344 1548 461 1637 μεγάλη
476 1550 696 1638 παρασκευάζει
712 1550 860 1619 θάλασσα
864 1600 876 1632 ,
901 1559 1034 1639 κιρνῶσα
1046 1563 1113 1630 ταῖς
1125 1571 1193 1636 ψυ-

84 1663 177 1739 χραῖς
206 1651 434 1736 ἀναθυμιάσεσι
453 1654 509 1740 τήν
529 1653 656 1740 άτμῶόη
679 1657 729 1720 καὶ
749 1655 889 1740 λοιμικήν
906 1663 961 1721 τοῦ
981 1663 1192 1742 μεσημβρινοῦ

86 1753 175 1822 νότου
199 1755 390 1844 θερμότητα.
440 1761 492 1824 καλ
506 1759 542 1824 τὸ
561 1759 600 1844 δή
612 1757 733 1824 πάντων
746 1766 784 1846 τῇ
794 1755 884 1850 χάρη
897 1764 952 1842 τῆς
965 1758 1127 1844 εὐκρασίας
1140 1761 1191 1826 αι’-

86 1857 254 1939 τιοότατον,
281 1859 400 1927 άνιοθεν
421 1867 466 1950 spi
484 1861 594 1952 Ἰονίῳ,
620 1861 760 1928 κάτωθεν
783 1863 816 1928 δὲ
834 1869 877 1952 τῷ
893 1867 1075 1949 Τυρσηνικῷ
1087 1888 1192 1946 παρα-

48 1961 226 2044 ίὸκλάζεται
239 1962 370 2050 πελάγει.
421 1963 495 2032 ὅθεν
510 1967 557 2043 δίς
571 1991 602 2032 τε
618 1967 657 2032 τά
671 1967 837 2051 θρέμματα
854 1971 909 2031 τοῦ
924 1963 1010 2043 ἔτους
1025 1965 1192 2049 άπογεννιῖν

83 2068 220 2156 πέφυκε,
246 2067 339 2156 τυρός
353 2068 386 2133 δὲ
398 2067 436 2135 osi
450 2071 541 2135 λείπει
555 2067 623 2136 οὔτ’
639 2073 671 2136 lv
686 2071 772 2159 θίρει
788 2067 857 2136 οὔτ’
873 2069 905 2136 dv
918 2064 1034 2158 όπιόρη.
1065 2063 1193 2145 τοιαῦτα

11 2177 16 2190 ’
81 2169 139 2253 μέν
155 2170 195 2238 άν
209 2196 260 2248 τις
273 2173 342 2259 ντερλ
356 2171 486 2250 Ἰταλίας
499 2169 587 2239 είποι.

187 2270 253 2345 44.
303 2272 466 2364 Διάφορος
478 2277 511 2344 lle*
524 2279 576 2342 καλ
591 2273 627 2342 osi
639 2273 800 2360 μονοειδής
813 2270 833 2360 ή
846 2281 907 2341 τῶν
921 2279 1074 2362 κεραυνῶν
1089 2269 1192 2362 φάσις.

81 2376 155 2456 τούς
179 2379 240 2462 μὲν
262 2377 322 2466 γάρ
346 2377 517 2463 ψολόεντας
537 2377 558 2466 ή
580 2377 749 2463 παλαιότης
768 2385 869 2458 καλεῖ,
895 2377 967 2456 τοὺς
990 2379 1023 2445 δέ
1047 2377 1192 2466 άρμήτας,

42 2497 75 2556 ω
84 2481 242 2568 σκηπτοός
256 2506 289 2550 τε
303 2484 355 2548 καλ
366 2489 553 2572 πρηστῆρας.
605 2483 676 2550 ouidi
690 2483 749 2569 γάρ
766 2481 875 2562 πάντες
888 2479 981 2548 ταύτό
998 2479 1194 2571 πράττουσιν.

81 2589 138 2652 slei
167 2587 204 2652 δὲ
231 2585 266 2650 ολΙ
285 2589 336 2651 καί
362 2586 586 2675 άναστρίφουσι
606 2585 684 2676 πρὸς
707 2586 763 2664 τάς
781 2583 880 2674 ῥήξεις
895 2591 956 2652 τῶν
971 2591 1088 2675 νεφῶν,
1115 2583 1192 2652 ὅθεν

79 2691 130 2755 καλ
161 2692 378 2774 ἓξεθλιβησαν.
428 2692 481 2756 καὶ
508 2690 538 2756 oi
565 2689 622 2774 μίν
652 2685 796 2778 διάπυροι
820 2696 1009 2778 πρηστῆρες,
1034 2688 1064 2754 oi
1087 2689 1121 2754 δὲ
1144 2688 1190 2771 μὴ

146 2854 168 2908 2
188 2847 345 2908 συνελόντα
359 2851 383 2906 C
399 2869 457 2906 eun
472 2853 555 2922 llutg.
623 2844 758 2923 θήνοον]
775 2851 861 2908 στολίσι
874 2843 951 2905 edet.
968 2849 1005 2904 Η.
1075 2851 1093 2906 7
1109 2845 1191 2930 κάρῳ

147 2937 181 2978 τε
197 2922 244 2990 Η,
262 2916 302 2988 χιό
320 2939 341 2972 ω
356 2915 438 2990 dic,
456 2919 534 2990 χάριν
547 2918 594 2976 καί
609 2923 645 2977 R.
751 2927 784 2978 10
800 2922 946 2976 sicamber
963 2917 1191 2974 sedmalimtoo-

147 3007 222 3058 ms
242 2988 284 3043 '0¹
300 2939 336 3043 όν
352 2984 425 3043 εἶναι
440 2991 581 3048 τοιοῦτον.
598 2991 636 3046 Η.
749 2993 783 3047 16
797 2991 883 3046 malim
895 2989 942 3044 τί·
960 2989 1041 3046 etsie
1054 2987 1133 3044 verti.
1152 2987 1190 3042 11.

148 3061 236 3116 Horu.
254 3057 309 3139 Od.
327 3060 359 3114 12
375 3061 420 3115 76.
524 3061 558 3116 18
574 3059 622 3115 καί
638 3079 680 3115 oui
694 3061 727 3116 C.

74 3207 224 3266 autumno,
251 3197 300 3250 sub
313 3196 481 3266 vergiliarum
495 3203 524 3252 et
537 3199 635 3254 moturi
652 3207 748 3255 ortum.
783 3202 852 3254 unde
870 3215 956 3268 neque
970 3195 997 3251 in
1011 3195 1124 3266 Scythia
1142 3214 1189 3250 ne-

75 3285 148 3337 que,
176 3275 211 3322 nt
230 3265 307 3318 brevi
326 3267 427 3334 dicem,
450 3267 522 3324 cirea
539 3268 717 3338 aquilonarem
740 3271 873 3324 cardinem
891 3287 940 3322 nec
955 3267 1025 3322 circe
1041 3263 1190 3333 australem,

73 3339 177 3392 eadere
202 3334 312 3390 fulmina
334 3335 477 3390 iudicatum
501 3345 556 3406 est,
585 3339 619 3392 ob
644 3339 768 3408 frigidum
786 3345 865 3408 elque
888 3337 998 3391 calidum
1017 3353 1064 3405 per
1081 3335 1139 3388 loce
1158 3351 1191 3388 en

74 3408 145 3462 caeli
167 3411 277 3460 etatum.
313 3403 340 3458 in
356 3404 434 3460 Italis
453 3422 529 3475 quam
545 3407 717 3475 creberrime,
743 3406 873 3477 siquidem
887 3406 926 3459 ibi
942 3404 1029 3460 ubivis
1048 3405 1106 3456 fere
1123 3411 1190 3456 tem-

71 3484 192 3546 peratus
212 3474 271 3541 nir,
290 3491 362 3540 cunr,
380 3474 488 3529 australi
501 3475 584 3530 latere
599 3483 724 3546 utroque,
744 3475 827 3530 omnis
840 3475 978 3546 Apennino
992 3473 1113 3526 subiecto
1126 3491 1190 3542 pro-

71 3545 202 3602 funditus
220 3541 342 3612 aquilone
358 3543 465 3599 lenonio
480 3563 542 3600 coro
556 3563 589 3600 ex
604 3543 730 3615 Alpibus,
751 3545 779 3598 in
802 3547 873 3599 flexu
891 3553 978 3598 antem
999 3541 1108 3597 alricum
1126 3559 1189 3592 ver-

72 3632 121 3668 sus
147 3621 246 3670 austro
268 3612 447 3694 perepiretur,
478 3631 563 3686 neque
587 3625 677 3670 eurstro
701 3614 772 3668 sieeo
792 3621 821 3667 el
838 3613 915 3683 gravi
931 3611 992 3678 illo,
1012 3611 1060 3664 sed
1076 3609 1190 3663 onmium

70 3683 196 3738 maxims
213 3681 339 3752 genitali,
357 3681 460 3753 qualern
475 3701 534 3736 eum
549 3682 621 3738 mare
636 3698 756 3754 magnum
768 3684 870 3750 reddit,
888 3683 921 3736 ad
934 3681 1090 3736 Atlanticum
1106 3696 1191 3747 usque

70 3772 124 3826 per
145 3751 244 3807 Gades
261 3750 413 3821 perliniens,
439 3753 585 3836 afflatuque
601 3755 779 3823 refrigerante
796 3760 945 3823 temperans
959 3749 1140 3869 vaporiferum
1158 3765 1190 3800 ιια

69 3821 252 3894 pestilentem
273 3819 451 3874 meridionalis
473 3831 557 3875 auam
578 3831 689 3878 sentuno.
725 3832 754 3877 et
776 3821 847 3894 quod
870 3820 975 3890 regioni
992 3818 1031 3871 rli
1048 3817 1191 3870 confieren-

69 3891 186 3946 tissinua
205 3888 317 3942 omnium
334 3907 414 3944 eausa
430 3897 482 3945 tem
502 3891 568 3944 eriei
586 3899 642 3960 est,
664 3891 785 3965 superine
801 3890 894 3958 Ionio,
916 3888 1027 3944 inferius
1045 3885 1189 3954 Tyrrheno

69 3961 190 4014 alluitur
208 3957 284 4011 mari.
309 3975 403 4036 ¹quere
420 3967 448 4012 et
463 3908 505 4013 ολ
522 3961 663 4030 quotannis
680 3963 796 4034 pecudes
813 3959 933 4034 periunt,
958 3966 985 4011 et
998 3973 1092 4010 caseus
1113 3949 1189 4007 “neo

68 4027 278 4152 &comest
293 4045 343 4081 nee
359 4037 479 4100 temporo
494 4025 610 4084 measis'’
629 4031 731 4099 (llorn.
748 4031 801 4086 Od.
817 4031 851 4086 12
869 4030 933 4098 76).
967 4026 1034 4081 haec
1051 4027 1085 4080 de
1102 4023 1189 4078 laudi-

65 4102 121 4155 bus
230 4114 256 4150 e.

143 4167 196 4222 44.
230 4165 345 4220 Diversa
361 4171 448 4220 sutem
461 4171 504 4222 est
518 4184 605 4239 neque
617 4167 765 4223 uniusmodi
782 4165 917 4222 lulminum
934 4169 1037 4220 nutura.
1076 4161 1127 4217 ulie
1145 4161 1188 4214 lu-

65 4237 146 4294 midn
173 4243 257 4289 voest
279 4235 438 4306 antiquitas,
461 4235 514 4290 alia
539 4237 669 4305 eandida,
694 4237 839 4306 irruentis,
882 4243 1013 4292 restores:
1042 4251 1094 4287 non
1120 4231 1190 4316 enirn

65 4305 167 4361 omnia
193 4302 263 4357 idem
287 4306 416 4360 efficiunt.
452 4315 513 4360 sunt
531 4306 610 4360 etiem
628 4325 695 4378 quae
714 4309 825 4370 redeant
841 4257 881 4361 ni
891 4304 1055 4376 diruptiones
1073 4303 1189 4368 nubmm,

65 4377 146 4432 unde
162 4373 360 4432 elhaiuerant.
396 4373 517 4432 odones
532 4384 667 4449 prestares
685 4377 865 4452 appellantnre
893 4381 1039 4448 quaesunt
1056 4370 1191 4440 sineigne
