3100 4958
533 267 879 340 COMMENTARIUS.
1155 291 1258 340 xxxix

149 471 234 550 tius,
263 467 345 536 nibil
367 465 557 552 splendidius
579 470 618 532 ab
639 471 704 534 ullo
726 473 913 553 superiorum
931 473 1120 534 saeculomm
1134 492 1204 554 rege
1223 475 1257 534 in

149 575 329 636 liberalium
352 575 463 634 artium
483 570 675 636 commodum
695 575 865 636 institutum
884 587 938 636 est.
989 579 1032 635 ita
1047 597 1116 636 cum
1134 579 1255 637 essetiu

149 681 291 739 mammo
308 679 436 757 imperio
451 697 588 738 summus
602 679 713 738 artium
731 689 761 736 et
775 681 873 737 omnis
887 676 1081 739 humanitatis
1098 679 1209 738 arbiter
1223 689 1254 738 et

152 781 243 862 quasi
261 789 436 860 procuratur
456 778 625 842 excitandis
648 801 683 840 ac
707 779 909 864 propagandis
929 779 1036 842 studiis
1060 773 1190 858 electus,
1220 784 1254 840 iu

152 883 339 942 nobilissimi
352 883 487 942 muneris
499 884 693 964 occupatione
712 881 791 942 nibil
811 885 955 966 temporis
979 885 1127 966 reliquum
1148 881 1254 942 habuit

152 982 238 1066 qnod
259 981 348 1065 Lydo
372 981 578 1064 impenderet,
617 1007 798 1068 omnemque
818 989 918 1066 potius
942 997 1075 1046 mentem
1096 987 1255 1066 cogitatio·

152 1107 227 1146 nem
243 1105 368 1167 operam
380 1083 525 1146 adhibere
541 1089 648 1164 voluit,
672 1099 706 1149 ut
721 1100 840 1169 gratum
852 1091 995 1166 animum,
1014 1089 1136 1170 qualem
1150 1091 1255 1169 postea

152 1192 185 1248 in
199 1189 363 1250 luculentis
378 1188 496 1269 scriptis
511 1189 592 1269 apud
604 1193 809 1271 posteritatem
825 1191 977 1271 professus
993 1200 1055 1266 est,
1085 1193 1179 1251 talem
1193 1193 1255 1250 iam
1272 1211 1299 1268 p.
1313 1205 1373 1248 uxr

153 1303 226 1352 tunc
250 1293 283 1352 in
307 1295 374 1376 ipsa
395 1293 529 1352 muneris
549 1295 683 1372 gestione
703 1305 876 1375 praesentes
901 1305 1023 1376 possent
1043 1291 1183 1354 homiues
1204 1296 1255 1352 iu-

152 1395 242 1454 tueri.

237 1498 352 1558 Verum
361 1493 503 1578 tandem,
531 1519 602 1561 cum
614 1507 694 1562 esset
706 1499 820 1582 patriae
833 1507 862 1562 et
875 1499 990 1561 Gallico
1008 1499 1072 1561 solo
1088 1499 1250 1576 restitutus,
1272 1495 1315 1562 30

150 1598 232 1683 Lydi
249 1597 364 1662 diutius
381 1603 512 1682 neglecti
526 1605 620 1662 serior
636 1623 707 1663 cura
721 1606 856 1663 anhnum
873 1605 974 1664 subire
991 1605 1097 1683 coepit.
1141 1605 1254 1662 etenim

149 1713 296 1764 exoratus
310 1703 348 1762 ab
365 1723 402 1763 eu
415 1701 508 1764 homo
528 1701 719 1764 doctissimus
736 1705 861 1766 Villoiso
884 1706 916 1764 iu
936 1727 970 1766 se
985 1692 1156 1787 susceperat
1167 1715 1200 1764 ut
1215 1702 1255 1762 ad

149 1803 289 1864 codicem
309 1805 438 1866 feliciter
458 1810 615 1867 busentum
637 1807 756 1869 felicius
777 1804 929 1866 edendum
947 1828 1060 1867 nomen
1076 1820 1105 1867 et
1121 1808 1254 1887 auspicia

148 1908 321 1988 praeberet.
364 1907 418 1968 sed
431 1911 609 1992 priusquam
624 1930 696 1969 eum
710 1910 791 1969 fures
809 1907 910 1986 daret,
940 1906 1172 1988 descriptionem
1186 1907 1254 1969 Vil-

149 2009 226 2068 loiso
246 2009 297 2068 sui
319 2029 374 2088 per
387 2012 544 2071 Graeciam
565 2015 682 2072 itineris
702 2007 916 2094 perficiendam
939 2009 998 2070 sibi
1023 2006 1128 2086 duxit,
1162 2027 1254 2090 quam

151 2111 265 2190 publici
287 2111 361 2171 iuris
384 2112 534 2173 susurrum
558 2134 624 2174 sese
645 2135 714 2174 cum
739 2134 829 2195 saepe
849 2113 922 2172 alibi
944 2109 1161 2193 spoponderat,
1188 2121 1255 2168 tum

155 2214 288 2272 muitum
310 2215 521 2296 Prolegorueu.
540 2213 580 2296 ud
600 2216 688 2276 lliad.
710 2240 741 2299 p.
760 2236 831 2293 n1r3
867 2213 966 2298 adque
984 2234 1052 2274 eam
1075 2233 1139 2273 rem
1152 2213 1254 2272 omnia

152 2317 278 2376 consilia
301 2326 392 2399 atque
416 2315 515 2376 studia
537 2317 648 2376 referre
673 2339 728 2377 sus
749 2319 857 2398 coepit.
899 2328 1043 2378 statuerat
1066 2326 1166 2375 autem
1182 2324 1254 2374 tunc

151 2416 285 2500 denique
307 2438 343 2476 ea
358 2417 486 2500 prodere
507 2439 586 2503 quae
604 2421 637 2478 iu
652 2422 765 2480 recenti
778 2421 904 2480 Graecis
920 2439 1136 2502 usquequaque
1150 2417 1254 2477 obser-

150 2531 262 2594 vasset,
285 2539 356 2578 cum
369 2521 427 2580 iter
443 2522 620 2582 confecisset
634 2523 667 2580 iu
684 2533 827 2599 veterem,
849 2519 908 2581 hoc
923 2533 969 2581 est
984 2523 1089 2598 (verba
1103 2523 1168 2600 ipsa
1183 2528 1254 2578 sunt

152 2623 326 2684 Villoisonis
347 2624 559 2704 Prolegcmen.
573 2624 596 2684 l.
612 2621 695 2704 cit),
726 2645 795 2684 oum
816 2635 952 2685 auctores
965 2625 1089 2683 Latinus
1106 2624 1254 2681 Graecos-

150 2745 209 2808 que
224 2727 362 2805 siugulos
376 2745 395 2784 a
408 2728 505 2806 cupite
523 2723 562 2784 ad
575 2726 690 2784 calcem
702 2727 890 2807 perlegisset,
906 2745 1045 2809 quaeque
1060 2725 1097 2784 de
1112 2722 1253 2784 omuibus

151 2831 239 2889 rebus
253 2825 292 2886 ad
304 2828 462 2886 Graeciam
472 2829 645 2912 Aegaquue
658 2831 750 2888 maris
765 2831 880 2889 insulas
896 2825 1167 2912 quomodocunque
1181 2844 1253 2904 per·

150 2907 317 2990 tinentibus
329 2929 457 3012 quisque
472 2929 600 3012 scripsit,
617 2949 653 2988 ea
669 2935 877 3011 excerpsisset,
900 2933 1071 3014 referreque
1088 2948 1123 2987 ac
1138 2925 1252 2986 discer-

149 3053 222 3092 nere
236 3043 268 3091 et
283 3053 352 3092 cum
367 3033 405 3092 iis
421 3050 498 3113 quae
511 3035 577 3112 ipse
593 3030 719 3092 vidisset
736 3035 871 3094 corrferre
885 3046 996 3116 posset.
1013 3031 1169 3111 'magnum
1179 3047 1252 3088 saue

150 3146 181 3196 et
195 3136 361 3216 singulare,
383 3131 570 3215 dignumque
584 3134 638 3193 tuli
651 3137 716 3194 viro
731 3139 899 3216 consilium,
919 3149 959 3214 et,
981 3139 1007 3196 si
1021 3134 1123 3216 perfici
1134 3134 1252 3212 potuis·
1268 3155 1297 3211 p.
1311 3145 1381 3187 cres

151 3249 212 3314 set,
243 3238 276 3294 iu
296 3239 403 3316 primis
422 3238 496 3296 utile
518 3235 660 3296 doctrinis
681 3241 800 3298 nostris.
844 3239 899 3301 sed
924 3243 991 3323 quis
1007 3239 1103 3298 nescit
1121 3255 1148 3294 a.
1169 3235 1251 3299 1789

152 3342 306 3422 publicam
327 3359 393 3399 rem
408 3341 551 3399 Frarrciae
571 3341 603 3398 in
626 3336 765 3399 homines
781 3341 922 3404 incidisse
945 3350 1092 3402 nontam
1113 3357 1250 3398 commu-

152 3439 312 3501 tandarum
327 3461 427 3501 rerum
442 3460 535 3523 quam
551 3438 779 3502 evertendarum
795 3443 943 3525 cupidcs‘l
963 3455 1093 3524 suntque
1110 3441 1250 3500 continuo

153 3555 288 3625 tempora
312 3543 418 3602 acerba
443 3554 534 3626 atque
556 3541 733 3624 gladiatoria
755 3547 810 3604 ills
831 3555 1005 3619 consecuta,
1053 3535 1250 3622 quibuscum

153 3667 257 3708 omnes
274 3649 379 3706 literae
393 3649 608 3723 conticuerunt,
631 3656 695 3706 tum
710 3649 843 3706 maxime
856 3645 1100 3717 Villuisouiauae,
1119 3641 1249 3698 Graecae

154 3754 265 3810 scilicet
280 3771 315 3809 ac
329 3747 543 3829 philologicae.
584 3751 687 3830 itaque
708 3746 798 3809 huius
820 3749 924 3827 magui
946 3747 1060 3803 itineris
1079 3761 1140 3801 non
1158 3737 1248 3798 modo

152 3851 229 3912 nibil
245 3848 346 3928 edere,
360 3851 415 3912 sed
428 3872 528 3935 neque
540 3852 700 3911 lectionem
713 3853 808 3927 illam,
825 3869 883 3932 qua
900 3845 1144 3925 adscriptionem
1160 3863 1250 3923 prae·
1361 3869 1364 3876 ·

152 3975 257 4036 parare
273 3955 452 4032 sevolebat,
485 3955 656 4029 absolvere,
689 3949 801 4011 nedum
823 3951 860 4009 de
873 3947 960 4032 Lydo
977 3949 1126 4027 cogitare,
1157 3945 1248 4006 variis

152 4059 270 4116 casibus
283 4077 441 4136 percussus
453 4059 560 4138 potuit.
602 4075 699 4136 neque
717 4055 831 4133 magis,
858 4071 928 4110 cum
950 4061 1124 4132 recuperata
1146 4069 1178 4108 re
1192 4067 1251 4128 pu-

152 4161 230 4220 blica
250 4161 413 4238 respirasse
426 4156 564 4218 homiues
577 4159 634 4217 visi
646 4168 732 4235 sunt,
761 4157 809 4216 illi
831 4153 956 4236 quidem
969 4155 1056 4214 licuit
1067 4154 1186 4236 placato
1202 4170 1251 4207 re·

150 4285 218 4325 rum
231 4272 315 4324 stetu
326 4261 379 4322 diu
391 4263 469 4322 imi«
507 4263 618 4322 etenim
631 4278 659 4320 c.
676 4257 756 4327 1805
771 4277 799 4320 a.
814 4256 845 4320 d.
860 4259 881 4324 6
894 4257 963 4319 Kal.
977 4258 1050 4318 Mai.
1062 4271 1174 4336 paucus
1184 4257 1252 4333 post
