3026 4942
323 355 399 430 οειο
722 329 893 426 romnis
923 351 1026 424 urm

317 525 483 620 χημάτων·
501 526 544 610 ὥς
558 525 651 597 αάτδν
663 527 784 612 έκεῖνον,
799 529 995 615 τὸνβασιλέα
1008 527 1094 617 λέγω,
1109 535 1174 608 τοῖς
1188 528 1306 610 οίκεῖοις
1317 541 1410 611 κακοῖς
1499 585 1500 610 ,

321 634 545 726 supervinceres
566 631 724 719 μὴμόνον
745 635 802 720 τὴν
826 634 922 719 αάλὴν
944 633 1116 714 ἀπολιπεῖν,
1142 631 1312 724 φασμάτων
1327 636 1411 702 uisis
1499 693 1500 704 ,

237 726 244 739 ’
265 791 268 799 -
324 743 426 830 ω”σπερ
438 739 584 827 Ὀρέστην
598 737 748 826 ἀνανδρον
759 736 963 823 ἐνοχλούντων
977 735 1104 825 ἑτέρωθι
1121 740 1317 818 διαιτᾶσθαι,
1341 739 1411 804 ἀλλά

324 849 376 912 καὶ
398 842 493 928 αὐτὴν
517 843 550 908 δι’
569 842 626 927 τὴν
645 840 820 930 πάγχρυσον
833 825 988 908 ἀπολιπεῖν
1005 842 1236 926 διασκέψασθαι
1250 842 1357 908 ἀπολεῖ
1369 845 1413 907 καῖ
1499 861 1500 930 5

266 1007 267 1010 ,
325 945 369 1027 εἷς
380 944 524 1031 τοιαύτην
535 947 694 1030 βασιλείαν
708 947 909 1032 μετατρέψαι,
929 948 956 1011 εἰ
970 945 1013 1031 μὴ
1028 943 1103 1024 θεὸς
1117 946 1212 1011 τοῦθ’
1228 944 1245 1010 δ
1258 946 1367 1011 δέδωκε
1381 951 1414 1031 τῇ
1420 957 1434 1014 5
1499 937 1500 1012 l

322 1050 410 1118 πόλει
428 1047 594 1116 διεσώσατο
611 1048 732 1136 κράτος.
783 1046 864 1134 (45)
884 1051 934 1115 καῖ
943 1051 1037 1115 Λέων
1050 1051 1106 1132 μέν
1119 1075 1191 1116 ποτε
1207 1047 1416 1134 ἀπηλλάττετο,

323 1153 344 1241 ἦ
363 1157 397 1220 δέ
414 1154 493 1240 ἀρχὴ
509 1162 573 1230 τοῖς
589 1153 702 1218 ἐκείνου
726 1158 951 1236 κατακλυσμοῖς
972 1155 1129 1238 έβυθίζετο
1137 1202 1148 1234 ,
1180 1150 1324 1236 Ζήνωνος
1338 1151 1416 1217 loss

323 1259 360 1325 τδ
372 1263 430 1326 τοῦ
444 1259 593 1342 κηδεστοῦ
608 1253 720 1344 κράτος
732 1254 959 1335 ὖπεξελθδντος.
1009 1256 1107 1335 δειλὸς
1122 1247 1222 1340 δέῆν,
1256 1254 1417 1340 μᾶλλονδὲ

324 1363 473 1441 δείλαιος,
499 1362 551 1425 καῖ
565 1359 638 1438 τοδς
654 1361 804 1444 πολέμους
817 1360 1048 1447 ἀπηργυρίζετο,
1073 1362 1153 1445 μηδέ
1168 1361 1200 1424 έν
1215 1357 1310 1426 εῖκύσι
1324 1355 1418 1443 μάχην

321 1462 482 1549 ἀπομένειν
497 1459 583 1551 δρᾶν,
604 1466 655 1529 καὶ
669 1463 802 1531 osvaldus
815 1464 868 1530 τδν
880 1464 1017 1550 ὕπαρχον
1026 1467 1145 1554 χρυσίῳ
1158 1469 1261 1552 πολλῷ
1275 1462 1331 1548 τὴν
1345 1458 1449 1549 cipri-li

321 1595 378 1654 νην
393 1568 549 1648 ἀνεῖσθαι,
575 1567 668 1645 αύτδς
681 1571 748 1656 περῖ
767 1565 925 1653 δημεύσεις
942 1571 995 1634 καῖ
1012 1567 1143 1654 ὄλεθρον
1157 1575 1217 1633 τῶν
1230 1568 1264 1632 έν
1279 1567 1356 1632 τέλει
1372 1571 1420 1648 τῆς

321 1675 473 1749 πολιτείας
496 1673 666 1759 ἀγρυπνῶν.
717 1670 783 1756 έσχε
812 1673 845 1737 δέ
872 1671 956 1754 ὅμως
982 1676 1033 1737 καῖ
1054 1670 1148 1750 αάτδς
1167 1671 1306 1736 ἀναίσισν
1324 1669 1419 1756 πέρας.

322 1774 478 1843 τοσούτων
503 1783 605 1840 κακῶν
626 1777 826 1857 έπιχεθίντων
850 1782 888 1862 τῇ
909 1773 1045 1862 πρόσθεν
1067 1776 1222 1857 εύδαίμονι
1235 1781 1299 1840 τῶν
1316 1773 1419 1860 ἀρχῶν,

322 1876 344 1946 s‘·
363 1877 441 1964 τύχη
461 1876 565 1966 βραχύ
587 1903 617 1944 τι
637 1877 760 1965 γνήσιον
778 1881 812 1944 δέ
832 1885 951 1964 γελῶσα
972 1880 1024 1946 τὸν
1037 1875 1234 1944 Ἀναστάοιον
1249 1882 1420 1943 θανατῶσιν

323 1981 466 2067 ἀπέστησε
480 1991 545 2059 τοῖς
554 1977 715 2066 ύπηκύοις,
742 1981 776 2060 ἀς
791 1982 843 2047 διά
855 1981 956 2067 πάσης
970 1974 1065 2066 ἦλθεν
1081 1979 1155 2048 ὁδοῦ
1166 1981 1224 2066 την
1239 1980 1356 2046 ένδειαν
1366 1984 1420 2044 τῶν
1427 1987 1451 2044 li

323 2093 431 2154 κοινῶν
449 2087 654 2152 ἀποτίσασθαι
663 2133 673 2165 ,
708 2088 758 2151 καῖ
783 2088 868 2170 δίκην
890 2085 1104 2152 οῖκοδεσπύτου
1118 2083 1200 2163 τινδς
1214 2083 1289 2163 τούς
1304 2080 1421 2177 φόρους,

323 2190 392 2256 ὅσοι
407 2186 561 2270 σώζεσθαι
574 2186 724 2269 δύναιντο,
748 2199 817 2266 ταῖς
831 2189 990 2274 ἀληθείαις
1004 2199 1071 2267 ταῖς
1085 2186 1235 2266 δαπάναις
1247 2182 1422 2276 προσαρμά

281 2371 287 2380 Ι
323 2319 392 2374 σας,
418 2295 469 2357 καὶ
483 2293 647 2376 λογισμούς
661 2291 766 2380 ἀπῄτει
782 2299 844 2358 τῶν
859 2295 1002 2358 δαπανῶν
1017 2294 1067 2359 καῖ
1084 2295 1207 2369 δικαίως
1219 2291 1350 2370 έτίθετο,
1373 2288 1421 2372 τὴν

323 2398 472 2483 ἀμετρίαν
488 2394 677 2482 διαφεύγων,
703 2399 759 2481 οὐχ
774 2395 875 2483 ὥσπερ
893 2393 909 2460 ὃ
925 2398 1034 2484 Νέρων
1051 2399 1134 2476 ποτέ,
1157 2398 1207 2461 καῖ
1223 2394 1254 2460 εἴ
1263 2421 1342 2472 τινες
1354 2395 1421 2458 έκεῖ·

321 2525 375 2566 νον
390 2497 577 2584 ζηλώσαντες
596 2497 736 2577 δαπάνας
752 2500 808 2582 μὲν
824 2500 975 2586 ἀμέτρους
994 2497 1191 2584 ἐποιήσαντο,
1218 2495 1381 2584 λογισμούς
1392 2493 1453 2559 dlii

322 2603 413 2692 μέχρι
426 2599 550 2688 μνήμης
563 2601 584 2690 ἢ
601 2609 705 2688 λαβεῖν
725 2603 803 2692 πρὸς
822 2609 878 2690 τῆς
896 2601 1101 2703 έπαρχδτητος
1116 2601 1136 2690 ἢ
1152 2605 1267 2692 πρᾶξαι
1280 2601 1357 2692 πρὸς
1370 2597 1421 2664 αδ·

278 2934 282 2950 ,
391 2881 526 2942 sedec.
600 2879 738 2943 tuo'tass
806 2857 960 2956 baptismi
973 2881 1027 2940 (λζ
1064 2883 1251 2956 “λθθρᾶν(ῖ.
1325 2880 1420 2938 ites-

389 2969 513 3012 sueooss
527 2954 562 3010 C.
684 2957 718 3014 17
732 2955 796 3020 ταῖς
813 2951 1018 3026 ἀληθεστάτους
1037 2954 1086 3012 δῶ
1204 2955 1238 3011 19
1256 2947 1311 3022 oriz
1325 2953 1376 3008 add
1388 2951 1419 3004 1³.

320 3209 514 3266 immoratum
529 3199 719 3280 calamitatum
742 3221 772 3269 ut
787 3213 845 3336 ipse
858 3212 919 3284 ille,
943 3215 1087 3288 imperator
1102 3213 1227 3286 inquam,
1247 3210 1305 3267 suis
1321 3215 1418 3282 pertur-

320 3283 400 3336 batus
415 3281 505 3348 malis,
529 3301 582 3335 non
597 3285 674 3337 modo
688 3285 747 3338 aula
763 3286 870 3352 reluta,
899 3287 1013 3356 spectris
1031 3286 1105 3355 quasi
1122 3287 1233 3354 ignavus
1252 3283 1365 3336 Orestes
1377 3294 1418 3331 ex-

320 3349 450 3433 agitatus,
469 3351 533 3404 alibi
547 3352 722 3421 habitaverit,
745 3371 836 3407 venum
852 3355 937 3423 ipsam
954 3373 1058 3438 quoque
1072 3371 1177 3408 cursum
1195 3354 1331 3406 civitatem
1344 3345 1418 3402 exitio

318 3419 470 3488 relinquere
483 3421 787 3494 cogitaverit.unusque
804 3431 902 3476 tautam
919 3423 1023 3494 imperii
1037 3425 1125 3477 sedem
1141 3422 1293 3488 evertisset,
1309 3419 1338 3472 ni
1350 3419 1417 3482 deus,

321 3491 393 3558 quod
410 3489 484 3542 dedit
500 3491 560 3543 urbi
576 3490 723 3560 imperium,
740 3503 933 3547 conservasset.
969 3495 1028 3561 (45)
1048 3503 1076 3547 et
1090 3493 1146 3546 Leo
1162 3493 1268 3561 quidem
1286 3485 1418 3559 aliquando

321 3575 381 3611 esse
396 3557 490 3611 desiit:
507 3567 536 3612 st
549 3562 717 3629 praefectura
734 3561 873 3615 concitatis
890 3563 923 3615 ab
941 3580 973 3616 eo
991 3561 1205 3616 inundationibus
1223 3563 1359 3614 submersa
1373 3560 1417 3618 θέλ

319 3625 429 3682 Zenone
445 3627 541 3682 deiude
554 3629 640 3682 soceri
656 3629 792 3699 imperium
809 3637 926 3684 tenente.
962 3639 1123 3686 sustentem
1139 3630 1255 3697 timidus,
1274 3645 1324 3681 seu
1338 3623 1417 3698 polius

319 3696 409 3765 miser,
430 3704 457 3751 et
470 3697 538 3750 bellu
553 3699 667 3768 pecunie
682 3700 837 3766 redimebat,
856 3717 890 3752 ne
909 3700 937 3754 in
955 3700 1112 3770 imaginibus
1130 3700 1235 3770 quidem
1248 3713 1361 3768 pugnem
1377 3705 1417 3744 stl-

319 3767 421 3820 stinens
436 3766 543 3834 videre,
568 3768 783 3838 praefectumque
800 3767 880 3821 multo
898 3786 962 3822 auro
998 3787 1070 3823 susm
1087 3768 1198 3822 merceri
1215 3767 1344 3836 cogebat,
1364 3761 1416 3830 ipse

318 3835 397 3888 bonis
421 3835 585 3906 publicandis
603 3843 632 3889 et
647 3837 794 3908 principum
815 3837 843 3889 in
865 3855 896 3890 re
921 3787 1026 3909 publiea
1048 3838 1165 3891 vborum
1191 3837 1274 3891 exitio
1296 3835 1416 3890 solmam·

318 3901 413 3958 hebuit
429 3921 493 3958 vero
510 3913 539 3958 et
554 3905 613 3977 ipse
628 3906 730 3976 puriter
747 3905 880 3960 infelicem
898 3908 1006 3962 exitum.
1040 3907 1123 3962 taulis
1141 3907 1214 3961 mulis
1230 3907 1365 3958 submersu
1378 3899 1415 3952 fe·

318 3969 364 4025 lici
378 3976 507 4042 quondam
523 3975 693 4045 magistratu,
716 3976 824 4028 furtum
840 3975 974 4058 paulisper
991 3975 1096 4046 quidem
1118 3978 1166 4030 sed
1184 3977 1288 4029 sincere
1304 3969 1415 4026 arridem

317 4042 484 4095 Anutasium
497 4045 659 4098 moribundis
674 4045 775 4098 civibus
792 4053 962 4114 praeposu1t3
981 4045 1026 4114 qni
1044 4053 1074 4098 ut
1084 4045 1205 4115 publicae
1216 4041 1324 4114 inopiae
1334 4038 1415 4092 mede·

318 4117 403 4177 retur,
421 4111 514 4164 nullam
532 4130 584 4166 non
598 4113 659 4167 iniit
674 4115 812 4180 rationem,
831 4123 858 4168 et
872 4129 944 4166 more
957 4113 1154 4184 patrisfamilias
1168 4113 1301 4166 cuiusdam
1315 4109 1414 4168 tribute,

319 4186 419 4248 quanta
432 4181 534 4233 servari
552 4190 692 4251 poterant,
709 4182 857 4252 sumptibus
874 4198 906 4235 re
923 4183 983 4252 ipsa
998 4185 1203 4250 accommodans,
1220 4181 1337 4236 mtiones
1351 4189 1411 4228 sum·

318 4254 410 4318 ptuum
428 4255 455 4303 et
470 4249 594 4316 exigebat
611 4261 639 4305 at
654 4251 724 4306 iuste
736 4252 879 4318 reddebat,
902 4251 1067 4305 irnmodioum
1080 4252 1199 4322 fugiens;
1227 4265 1314 4318 neque
1331 4259 1413 4316 quem·

318 4318 455 4371 admodum
468 4318 543 4372 Nero
556 4319 626 4387 olim,
645 4327 673 4374 et
688 4321 712 4374 si
727 4321 773 4390 qui
789 4337 847 4373 eum
865 4317 997 4388 aemnlatf,
1014 4333 1132 4391 surnptus
1150 4321 1254 4391 quidem
1272 4313 1412 4389 immodicos

317 4385 425 4458 fecem,
451 4386 569 4444 radoan
582 4397 668 4444 auteur
688 4389 821 4446 mutiens
837 4397 913 4445 tonus
929 4399 977 4446 eut
992 4389 1114 4464 accipere
1133 4408 1150 4447 α
1172 4387 1308 4466 praefecto
1333 4390 1376 4441 aut
1390 4394 1412 4433 οι
