3100 4958
328 320 439 370 surm
815 301 949 372 russi]

329 513 456 586 uterque
474 498 668 562 emendatum
689 511 808 563 textum
832 505 987 585 legerunt,
1008 503 1047 562 ab
1069 501 1168 586 iisque
1187 499 1358 566 admonitus
1372 523 1435 566 non

328 607 424 668 semel
440 615 492 666 aut
507 606 615 665 vitium
630 603 754 686 aliquod
767 625 829 666 non
844 605 1085 668 animadversum
1101 609 1239 668 intellexi
1255 619 1308 668 aut
1322 609 1436 690 probe·

328 709 421 770 bilius
440 710 588 789 corrigere
603 719 726 770 conatus
739 729 818 782 sum.
861 729 940 792 quae
956 729 1026 770 vero
1042 729 1133 791 opere
1144 710 1337 791 iampridem
1351 713 1434 792 typis

328 831 441 874 excuso
459 809 647 872 emendanda
663 830 819 894 superesse
837 810 919 888 ridi,
941 831 977 872 aa
992 833 1053 874 uns
1068 833 1137 874 curn
1151 811 1270 876 mandis
1286 824 1434 898 typogra-

326 911 424 996 phicis
440 912 481 975 ad
495 924 665 974 extremum
679 915 817 994 opusculi
830 913 972 976 indicari.

411 1071 448 1128 ln
473 1069 556 1130 vitiis
585 1075 689 1128 autem
713 1067 897 1149 corrigendis
925 1065 1005 1130 hanc
1029 1068 1094 1129 fere
1123 1069 1272 1130 rationem
1298 1067 1435 1132 servavi:

162 1197 190 1250 p.
203 1192 310 1234 nmrv
327 1170 571 1249 emendationes,
593 1169 631 1230 de
653 1173 761 1255 quibus
783 1169 914 1231 dubitari
926 1191 987 1232 non
999 1183 1117 1252 posset,
1139 1172 1171 1230 in
1186 1182 1307 1231 textum
1321 1171 1432 1252 recepi,

326 1276 432 1336 ceteris
449 1277 483 1334 in
503 1276 582 1335 notis
603 1285 723 1334 tantum
746 1276 918 1354 propositis.
960 1275 994 1333 in
1019 1271 1129 1334 iisdem
1153 1272 1327 1334 emendatas
1344 1293 1363 1334 a
1381 1295 1433 1333 me

328 1375 440 1437 codicis
466 1377 612 1438 lectiones
641 1378 760 1451 notari,
788 1377 923 1457 exceptis
942 1395 1016 1460 quas
1035 1377 1157 1437 nonnisi
1176 1379 1339 1457 scripturae
1357 1375 1433 1435 vitio

327 1481 465 1540 laborare
488 1482 652 1542 constabat.
694 1477 785 1540 huius
804 1482 922 1560 generis
941 1477 1070 1540 mendae
1087 1481 1121 1540 iu
1139 1477 1242 1539 codice
1255 1482 1433 1539 innumerae

328 1583 540 1658 occurrebant,
561 1583 647 1643 nullo
669 1585 783 1663 passim
803 1583 883 1641 inter
904 1581 1040 1642 eiusdem
1052 1583 1120 1643 soni
1132 1583 1251 1643 vocales
1265 1579 1434 1662 diphthon-

325 1705 442 1768 gosque
455 1684 627 1745 discrimina
643 1696 772 1745 servato.
817 1683 945 1744 eandem
962 1687 1025 1746 sire
1041 1687 1242 1774 ignorantiam
1255 1686 1319 1745 sive
1333 1685 1435 1766 negli-

325 1791 461 1870 gentiam
479 1791 513 1848 in
528 1797 653 1848 accentu
668 1785 906 1876 animadvertere
923 1789 1011 1864 licet,
1039 1789 1073 1847 in
1091 1808 1153 1870 quo
1171 1791 1346 1870 saepissime
1358 1807 1434 1869 peo-

325 1901 444 1969 catum;
465 1893 528 1951 imo
541 1893 645 1952 multis
658 1892 750 1968 locis,
771 1891 825 1951 nbi
840 1909 920 1950 nunc
938 1887 1142 1970 desideratur,
1164 1895 1286 1958 omnino
1301 1891 1433 1952 defuisse

324 1992 454 2055 videtur.
497 1993 537 2055 ad
558 2017 578 2059 ν
600 1988 815 2076 ἔφελκυστικόν
834 2013 906 2054 vero
928 1991 1010 2076 quod
1031 1995 1152 2074 attinet,
1174 1997 1294 2055 tametsi
1312 1991 1433 2054 credere

324 2117 387 2158 non
415 2100 514 2158 ausim
537 2096 619 2158 hano
640 2100 761 2158 literam
781 2116 844 2156 uon
868 2097 928 2157 nisi
953 2115 1058 2156 eorum
1080 2099 1133 2180 qui
1153 2117 1229 2180 opus
1250 2093 1433 2178 descripsere

325 2202 415 2281 culpa
440 2211 510 2260 ante
537 2211 735 2261 consonantes
759 2219 822 2260 uon
842 2201 944 2260 minus
964 2219 1055 2280 saepe
1071 2210 1162 2283 atque
1179 2211 1248 2261 aute
1262 2201 1383 2263 vocales
1400 2201 1433 2257 in

325 2301 428 2362 codice
452 2302 592 2383 reperiri,
619 2303 717 2362 malui
737 2313 857 2379 tamen,
885 2303 1014 2364 aliorum
1035 2305 1178 2384 consilio,
1204 2307 1238 2364 in
1257 2325 1289 2364 re
1310 2299 1434 2363 levioris

324 2407 472 2465 momenti
487 2417 665 2466 consuetum
681 2404 831 2466 editorum
844 2427 962 2467 morem
975 2407 1071 2490 requi.
1115 2416 1250 2468 ceterum
1263 2417 1384 2469 textum
1399 2405 1433 2466 itt

323 2505 416 2570 libros
430 2518 460 2568 et
474 2510 571 2590 capita
583 2505 716 2570 divisum
728 2507 925 2592 paragraphis
939 2512 1063 2592 insuper
1077 2507 1215 2574 distinxi.

159 2701 188 2758 p,
212 2697 309 2740 m„
408 2665 495 2726 Notis
510 2661 551 2724 ad
563 2673 684 2726 textum
698 2662 924 2726 emendandum
936 2663 1255 2747 interpretandumque
1268 2657 1434 2744 spectanti·

324 2765 382 2828 bus
402 2767 494 2844 alias,
517 2769 627 2848 quibus
650 2789 698 2830 res
719 2771 957 2845 illustrarentur,
986 2767 1098 2830 addere
1119 2770 1352 2830 constitueram:
1378 2758 1435 2824 ssd

324 2889 401 2930 mcx
425 2867 626 2932 animadverti
647 2873 746 2933 maius
765 2891 786 2931 a
806 2891 856 2932 me
879 2889 973 2953 quam
991 2891 1046 2953 pro
1068 2875 1129 2935 otio
1149 2892 1220 2933 mco
1238 2888 1315 2950 opus
1330 2885 1435 2928 susca-

324 2983 431 3054 ptumt
451 2976 555 3056 itaqua
578 2985 695 3036 mutato
719 2977 873 3058 proposito
893 2977 1089 3057 paucissimas
1107 2972 1198 3036 huius
1215 2971 1333 3053 generis
1346 2978 1434 3030 notas

324 3077 467 3156 inspersi,
508 3085 667 3138 auctorum
680 3087 785 3138 tamen
798 3080 867 3140 loca
882 3098 902 3138 a
915 3077 1003 3161 laydo
1017 3075 1141 3138 laudate
1158 3077 1310 3159 quaesivi,
1330 3089 1435 3150 reper-

322 3186 415 3260 taque
431 3189 484 3238 aut
496 3181 576 3242 notis
590 3180 705 3242 inserui
721 3192 774 3241 aut
789 3191 869 3242 certe
882 3180 1025 3242 indicavi.
1065 3191 1185 3262 praeter
1196 3176 1319 3238 laudata
1331 3181 1435 3234 autem

323 3280 391 3342 loca
414 3282 474 3341 alia
496 3300 617 3364 quoque
641 3303 705 3344 non
728 3281 831 3346 addito
856 3287 986 3346 auctoris
1002 3285 1126 3344 nomine
1144 3289 1318 3357 occurrrmt,
1339 3277 1436 3338 veluti

322 3383 414 3444 verba
439 3376 512 3448 οὐδ’
533 3383 568 3450 ἒν
589 3383 667 3472 λόγῳ
690 3379 763 3452 orit'
778 3385 814 3450 'lv
831 3380 958 3475 ἆριθμῷ
983 3385 1035 3468 (Ρ.
1057 3388 1118 3452 211
1147 3387 1222 3470 16),
1257 3401 1336 3467 quse
1363 3389 1437 3442 ΝΜ

322 3505 392 3566 pars
407 3487 520 3548 oraculi
536 3487 620 3570 quod
634 3487 722 3548 affert
738 3487 917 3552 scholiastes
934 3489 974 3550 ad
988 3488 1146 3552 Theocriti
1157 3487 1205 3550 ld.
1220 3486 1262 3555 24
1279 3507 1309 3550 v·
1323 3484 1383 3562 483
1405 3491 1437 3544 et

323 3590 415 3650 verba
431 3584 715 3676 aestimativae
733 3602 790 3652 etc.
819 3591 870 3672 (p.
887 3590 950 3658 246
969 3592 1048 3676 17),
1075 3575 1164 3675 qttae¹
1178 3601 1263 3673 patet
1283 3611 1300 3650 e
1319 3589 1437 3648 Demo-

322 3689 438 3753 sthenis
461 3693 586 3776 Olynth.
608 3700 625 3759 1
651 3696 745 3775 petita
766 3713 849 3772 esse,
871 3694 924 3754 ubi
943 3695 1054 3774 legitur
1076 3696 1125 3760 aar
1143 3691 1183 3774 risi
1201 3685 1363 3776 χρημάτων
1378 3699 1437 3748 eit·

321 3811 399 3874 quae
417 3792 478 3855 duo
493 3815 560 3858 sero
575 3797 786 3859 animadversa
801 3792 853 3854 hic
867 3804 1010 3856 annotare
1025 3798 1125 3873 iurat,
1146 3797 1269 3872 ceteris,
1290 3812 1369 3876 quae
1386 3809 1438 3848 re·

322 3897 420 3973 perire
441 3899 543 3978 potui,
567 3921 624 3962 suo
645 3902 714 3962 loco
738 3898 890 3960 indicatis.
933 3909 979 3960 est
999 3901 1122 3960 omnino
1143 3896 1249 3979 Lydus
1268 3895 1383 3956 multus
1403 3891 1437 3950 in

319 4007 458 4058 veterum
473 4002 656 4081 scriptorum
667 4004 760 4080 locis,
783 4019 882 4084 quaa,
904 4001 1079 4077 olimlectu
1102 3999 1267 4060 memoriae
1282 3997 1347 4056 eius
1362 4012 1437 4054 oon·

156 4125 304 4188 prm-1
320 4097 389 4160 fusa
406 4099 661 4182 obversabantur,
683 4101 875 4185 usurpandis.
918 4100 1051 4164 indicem
1070 4101 1191 4186 quoque
1209 4110 1436 4176 auctorumpe·

321 4203 478 4284 culiaram¹
492 4203 608 4286 adieci3
647 4209 761 4291 quippe
790 4217 821 4268 et
847 4201 980 4266 indicem
1003 4225 1104 4268 rerum
1126 4223 1257 4288 eumque
1280 4203 1436 4286 copiosum

322 4307 449 4370 cuulad.
