<?xml version="1.0" encoding="UTF-8"?>
<!DOCTYPE html PUBLIC "-//W3C//DTD XHTML 1.0 Transitional//EN"
    "http://www.w3.org/TR/xhtml1/DTD/xhtml1-transitional.dtd">
<html xmlns="http://www.w3.org/1999/xhtml" xml:lang="en" lang="en">
 <head>
  <title>
</title>
<meta http-equiv="Content-Type" content="text/html;charset=utf-8" />
  <meta name='ocr-system' content='tesseract 3.04.00' />
  <meta name='ocr-capabilities' content='ocr_page ocr_carea ocr_par ocr_line ocrx_word'/>
</head>
<body>
  <div class='ocr_page' id='page_1' title='image "./ioanneslydus01lydugoog/ioanneslydus01lydugoog_0173.png"; bbox 0 0 3022 4938; ppageno 0'>
   <div class='ocr_carea' id='block_1_1' title="bbox 278 301 969 376">
    <p class='ocr_par' dir='ltr' id='par_1_1' title="bbox 278 301 969 376">
     <span class='ocr_line' id='line_1_1' title="bbox 278 301 969 376; baseline -0.006 -2"><span class='ocrx_word' id='word_1_1' title='bbox 278 302 348 376; x_wconf 86' lang='lat'><strong><em>104</em></strong></span> <span class='ocrx_word' id='word_1_2' title='bbox 669 301 840 372; x_wconf 76' lang='lat' dir='ltr'><strong>lolnuls</strong></span> <span class='ocrx_word' id='word_1_3' title='bbox 866 301 969 370; x_wconf 82' lang='lat' dir='ltr'><strong>LYDl</strong></span> 
     </span>
    </p>
   </div>
   <div class='ocr_carea' id='block_1_2' title="bbox 159 471 1433 2631">
    <p class='ocr_par' dir='ltr' id='par_1_2' title="bbox 272 471 1373 664">
     <span class='ocr_line' id='line_1_2' title="bbox 274 471 1373 564; baseline -0.004 -21"><span class='ocrx_word' id='word_1_4' title='bbox 274 483 351 543; x_wconf 72' lang='lat' dir='ltr'><strong><em>aum</em></strong></span> <span class='ocrx_word' id='word_1_5' title='bbox 372 477 412 542; x_wconf 82' lang='grc' dir='ltr'><strong><em>τό</em></strong></span> <span class='ocrx_word' id='word_1_6' title='bbox 434 481 590 541; x_wconf 78' lang='grc' dir='ltr'><strong><em>τελευταία</em></strong></span> <span class='ocrx_word' id='word_1_7' title='bbox 607 480 842 564; x_wconf 74' lang='grc' dir='ltr'><strong><em>παραινοῦντος,</em></strong></span> <span class='ocrx_word' id='word_1_8' title='bbox 865 471 1032 558; x_wconf 78' lang='grc' dir='ltr'><strong><em>Ἰουβιανάν</em></strong></span> <span class='ocrx_word' id='word_1_9' title='bbox 1045 473 1101 557; x_wconf 83' lang='grc' dir='ltr'><strong><em>μέν</em></strong></span> <span class='ocrx_word' id='word_1_10' title='bbox 1117 471 1209 552; x_wconf 83' lang='grc' dir='ltr'><strong><em>αάτός</em></strong></span> <span class='ocrx_word' id='word_1_11' title='bbox 1224 471 1373 562; x_wconf 82' lang='grc' dir='ltr'><strong><em>ψηφισά-</em></strong></span> 
     </span>
     <span class='ocr_line' id='line_1_3' title="bbox 272 575 779 664; baseline -0.01 -18"><span class='ocrx_word' id='word_1_12' title='bbox 272 605 362 664; x_wconf 87' lang='grc' dir='ltr'><strong><em>μενος</em></strong></span> <span class='ocrx_word' id='word_1_13' title='bbox 374 575 544 664; x_wconf 73' lang='grc' dir='ltr'><strong><em>βασιλεύειν</em></strong></span> <span class='ocrx_word' id='word_1_14' title='bbox 559 575 706 645; x_wconf 84' lang='grc' dir='ltr'><strong><em>ίτελεότα.</em></strong></span> <span class='ocrx_word' id='word_1_15' title='bbox 777 589 779 592; x_wconf 77' lang='grc'>’</span> 
     </span>
    </p>

    <p class='ocr_par' dir='ltr' id='par_1_3' title="bbox 272 676 1433 2117">
     <span class='ocr_line' id='line_1_4' title="bbox 376 676 1376 770; baseline -0.008 -18"><span class='ocrx_word' id='word_1_16' title='bbox 376 683 436 752; x_wconf 82' lang='grc'><strong><em>76.</em></strong></span> <span class='ocrx_word' id='word_1_17' title='bbox 488 682 517 748; x_wconf 85' lang='lat' dir='ltr'><strong>oi</strong></span> <span class='ocrx_word' id='word_1_18' title='bbox 544 681 604 748; x_wconf 79' lang='grc' dir='ltr'><strong><em>ἀπὸ</em></strong></span> <span class='ocrx_word' id='word_1_19' title='bbox 634 679 767 768; x_wconf 84' lang='grc' dir='ltr'><strong><em>μεγάλης</em></strong></span> <span class='ocrx_word' id='word_1_20' title='bbox 793 680 891 770; x_wconf 83' lang='grc' dir='ltr'><strong><em>ἀρχῆς</em></strong></span> <span class='ocrx_word' id='word_1_21' title='bbox 918 679 1035 770; x_wconf 78' lang='grc' dir='ltr'><strong><em>ῥέοντες</em></strong></span> <span class='ocrx_word' id='word_1_22' title='bbox 1059 677 1165 764; x_wconf 81' lang='grc' dir='ltr'><strong><em>άνεμοι</em></strong></span> <span class='ocrx_word' id='word_1_23' title='bbox 1185 681 1227 758; x_wconf 81' lang='grc' dir='ltr'><strong><em>είς</em></strong></span> <span class='ocrx_word' id='word_1_24' title='bbox 1248 676 1376 746; x_wconf 79' lang='grc' dir='ltr'><strong><em>ἀιόδεκα</em></strong></span> 
     </span>
     <span class='ocr_line' id='line_1_5' title="bbox 272 783 1379 874; baseline -0.005 -21"><span class='ocrx_word' id='word_1_25' title='bbox 272 789 351 874; x_wconf 83' lang='grc' dir='ltr'><strong><em>μέρη</em></strong></span> <span class='ocrx_word' id='word_1_26' title='bbox 373 794 430 852; x_wconf 85' lang='grc' dir='ltr'><strong><em>τοῦ</em></strong></span> <span class='ocrx_word' id='word_1_27' title='bbox 451 783 602 870; x_wconf 76' lang='grc' dir='ltr'><strong><em>ὁρίζοντος</em></strong></span> <span class='ocrx_word' id='word_1_28' title='bbox 623 789 821 871; x_wconf 78' lang='grc' dir='ltr'><strong><em>διαιροῦνται.</em></strong></span> <span class='ocrx_word' id='word_1_29' title='bbox 873 787 924 850; x_wconf 77' lang='grc' dir='ltr'><strong><em>καὶ</em></strong></span> <span class='ocrx_word' id='word_1_30' title='bbox 941 784 970 850; x_wconf 78' lang='grc' dir='ltr'><strong><em>οἱ</em></strong></span> <span class='ocrx_word' id='word_1_31' title='bbox 986 785 1042 868; x_wconf 83' lang='grc' dir='ltr'><strong><em>μέν</em></strong></span> <span class='ocrx_word' id='word_1_32' title='bbox 1059 783 1114 848; x_wconf 78' lang='grc' dir='ltr'><strong><em>ἀπ’</em></strong></span> <span class='ocrx_word' id='word_1_33' title='bbox 1134 783 1234 850; x_wconf 72' lang='grc' dir='ltr'><strong><em>αὐτῶν</em></strong></span> <span class='ocrx_word' id='word_1_34' title='bbox 1250 783 1379 872; x_wconf 78' lang='grc' dir='ltr'><strong><em>ι’ίρκτων</em></strong></span> 
     </span>
     <span class='ocr_line' id='line_1_6' title="bbox 273 877 1409 976; baseline -0.005 -20"><span class='ocrx_word' id='word_1_35' title='bbox 273 894 324 956; x_wconf 80' lang='grc' dir='ltr'><strong><em>καί</em></strong></span> <span class='ocrx_word' id='word_1_36' title='bbox 348 897 404 956; x_wconf 79' lang='grc' dir='ltr'><strong><em>τοῦ</em></strong></span> <span class='ocrx_word' id='word_1_37' title='bbox 427 891 497 955; x_wconf 77' lang='grc' dir='ltr'><strong><em>κατ’</em></strong></span> <span class='ocrx_word' id='word_1_38' title='bbox 523 890 619 966; x_wconf 81' lang='grc' dir='ltr'><strong><em>αιἰτάς</em></strong></span> <span class='ocrx_word' id='word_1_39' title='bbox 643 887 739 954; x_wconf 89' lang='grc' dir='ltr'><strong><em>πόλου</em></strong></span> <span class='ocrx_word' id='word_1_40' title='bbox 761 887 877 976; x_wconf 82' lang='grc' dir='ltr'><strong><em>ῥέοντες</em></strong></span> <span class='ocrx_word' id='word_1_41' title='bbox 898 889 1063 976; x_wconf 76' lang='grc' dir='ltr'><strong><em>ἀπαρκτίαι</em></strong></span> <span class='ocrx_word' id='word_1_42' title='bbox 1085 891 1266 966; x_wconf 81' lang='grc' dir='ltr'><strong><em>καλοῦνται,</em></strong></span> <span class='ocrx_word' id='word_1_43' title='bbox 1293 887 1324 951; x_wconf 82' lang='grc' dir='ltr'><strong><em>οἶ</em></strong></span> <span class='ocrx_word' id='word_1_44' title='bbox 1342 877 1409 952; x_wconf 68' lang='lat' dir='ltr'><strong><em>its</em></strong></span> 
     </span>
     <span class='ocr_line' id='line_1_7' title="bbox 273 988 1401 1080; baseline -0.004 -21"><span class='ocrx_word' id='word_1_45' title='bbox 273 995 333 1059; x_wconf 84' lang='grc' dir='ltr'><strong><em>ἀπὸ</em></strong></span> <span class='ocrx_word' id='word_1_46' title='bbox 356 992 471 1071; x_wconf 84' lang='grc' dir='ltr'><strong><em>όόαεως</em></strong></span> <span class='ocrx_word' id='word_1_47' title='bbox 492 995 666 1078; x_wconf 82' lang='grc' dir='ltr'><strong><em>ίαημερινῇς</em></strong></span> <span class='ocrx_word' id='word_1_48' title='bbox 687 993 827 1080; x_wconf 76' lang='grc' dir='ltr'><strong><em>ζέφυροι,</em></strong></span> <span class='ocrx_word' id='word_1_49' title='bbox 853 991 883 1058; x_wconf 77' lang='grc' dir='ltr'><strong><em>οἳ</em></strong></span> <span class='ocrx_word' id='word_1_50' title='bbox 907 993 941 1057; x_wconf 77' lang='grc' dir='ltr'><strong><em>δέ</em></strong></span> <span class='ocrx_word' id='word_1_51' title='bbox 962 991 1099 1058; x_wconf 77' lang='grc' dir='ltr'><strong><em>ἀπὸτοῦ</em></strong></span> <span class='ocrx_word' id='word_1_52' title='bbox 1123 991 1261 1078; x_wconf 78' lang='grc' dir='ltr'><strong><em>ἀφανοῦς</em></strong></span> <span class='ocrx_word' id='word_1_53' title='bbox 1278 988 1401 1068; x_wconf 67' lang='grc' dir='ltr'><strong><em>νότοι,’</em></strong></span> 
     </span>
     <span class='ocr_line' id='line_1_8' title="bbox 273 1093 1383 1181; baseline -0.005 -19"><span class='ocrx_word' id='word_1_54' title='bbox 273 1097 302 1162; x_wconf 80' lang='grc' dir='ltr'><strong><em>οἶ</em></strong></span> <span class='ocrx_word' id='word_1_55' title='bbox 326 1098 359 1161; x_wconf 72' lang='lat' dir='ltr'><strong><em>cli</em></strong></span> <span class='ocrx_word' id='word_1_56' title='bbox 381 1097 442 1162; x_wconf 85' lang='grc' dir='ltr'><strong><em>ἀπὸ</em></strong></span> <span class='ocrx_word' id='word_1_57' title='bbox 467 1095 616 1180; x_wconf 77' lang='grc' dir='ltr'><strong><em>ἀνατολῆς</em></strong></span> <span class='ocrx_word' id='word_1_58' title='bbox 632 1099 806 1181; x_wconf 78' lang='grc' dir='ltr'><strong><em>ίσημερινῆς</em></strong></span> <span class='ocrx_word' id='word_1_59' title='bbox 822 1096 1002 1179; x_wconf 79' lang='grc' dir='ltr'><strong><em>ἀπηλιῶται.</em></strong></span> <span class='ocrx_word' id='word_1_60' title='bbox 1052 1101 1114 1160; x_wconf 82' lang='grc' dir='ltr'><strong><em>τῶν</em></strong></span> <span class='ocrx_word' id='word_1_61' title='bbox 1133 1096 1167 1160; x_wconf 75' lang='grc' dir='ltr'><strong><em>δέ</em></strong></span> <span class='ocrx_word' id='word_1_62' title='bbox 1182 1093 1297 1177; x_wconf 56' lang='lat' dir='ltr'><strong>petati</strong></span> <span class='ocrx_word' id='word_1_63' title='bbox 1312 1101 1383 1160; x_wconf 80' lang='grc' dir='ltr'><strong><em>τῶν</em></strong></span> 
     </span>
     <span class='ocr_line' id='line_1_9' title="bbox 274 1195 1385 1288; baseline -0.004 -22"><span class='ocrx_word' id='word_1_64' title='bbox 274 1201 435 1286; x_wconf 73' lang='grc' dir='ltr'><strong><em>εἰρημένων</em></strong></span> <span class='ocrx_word' id='word_1_65' title='bbox 446 1197 462 1263; x_wconf 82' lang='grc' dir='ltr'><strong><em>ὃ</em></strong></span> <span class='ocrx_word' id='word_1_66' title='bbox 475 1201 531 1282; x_wconf 78' lang='grc' dir='ltr'><strong><em>μέν</em></strong></span> <span class='ocrx_word' id='word_1_67' title='bbox 542 1199 692 1288; x_wconf 76' lang='grc' dir='ltr'><strong><em>προσεχὴς</em></strong></span> <span class='ocrx_word' id='word_1_68' title='bbox 704 1205 748 1286; x_wconf 76' lang='grc' dir='ltr'><strong><em>τῷ</em></strong></span> <span class='ocrx_word' id='word_1_69' title='bbox 763 1199 917 1288; x_wconf 75' lang='grc' dir='ltr'><strong><em>ἀπαρκτίᾳ</em></strong></span> <span class='ocrx_word' id='word_1_70' title='bbox 930 1201 1066 1278; x_wconf 81' lang='grc' dir='ltr'><strong><em>καικίας,</em></strong></span> <span class='ocrx_word' id='word_1_71' title='bbox 1091 1195 1126 1264; x_wconf 81' lang='grc' dir='ltr'><strong><em>ἀν</em></strong></span> <span class='ocrx_word' id='word_1_72' title='bbox 1138 1195 1210 1264; x_wconf 83' lang='grc' dir='ltr'><strong><em>ένιοι</em></strong></span> <span class='ocrx_word' id='word_1_73' title='bbox 1224 1198 1275 1262; x_wconf 82' lang='grc' dir='ltr'><strong><em>καί</em></strong></span> <span class='ocrx_word' id='word_1_74' title='bbox 1289 1203 1385 1284; x_wconf 73' lang='grc' dir='ltr'><strong><em>θρα-</em></strong></span> 
     </span>
     <span class='ocr_line' id='line_1_10' title="bbox 273 1299 1386 1392; baseline -0.004 -21"><span class='ocrx_word' id='word_1_75' title='bbox 273 1307 362 1371; x_wconf 89' lang='grc' dir='ltr'><strong><em>σκίαν</em></strong></span> <span class='ocrx_word' id='word_1_76' title='bbox 383 1303 537 1388; x_wconf 85' lang='grc' dir='ltr'><strong><em>λέγουσιν,</em></strong></span> <span class='ocrx_word' id='word_1_77' title='bbox 564 1301 580 1366; x_wconf 84' lang='grc' dir='ltr'><strong>ὅ</strong></span> <span class='ocrx_word' id='word_1_78' title='bbox 602 1305 636 1369; x_wconf 82' lang='grc' dir='ltr'><strong><em>δέ</em></strong></span> <span class='ocrx_word' id='word_1_79' title='bbox 657 1308 702 1390; x_wconf 74' lang='grc' dir='ltr'><strong><em>τῷ</em></strong></span> <span class='ocrx_word' id='word_1_80' title='bbox 725 1299 844 1392; x_wconf 83' lang='grc' dir='ltr'><strong><em>ζεφόρῳ</em></strong></span> <span class='ocrx_word' id='word_1_81' title='bbox 866 1303 1031 1388; x_wconf 87' lang='grc' dir='ltr'><strong><em>ἀργέατης,</em></strong></span> <span class='ocrx_word' id='word_1_82' title='bbox 1054 1299 1088 1368; x_wconf 81' lang='grc' dir='ltr'><strong><em>όν</em></strong></span> <span class='ocrx_word' id='word_1_83' title='bbox 1105 1301 1206 1386; x_wconf 73' lang='grc' dir='ltr'><strong><em>οἱμὲν</em></strong></span> <span class='ocrx_word' id='word_1_84' title='bbox 1221 1301 1386 1384; x_wconf 82' lang='grc' dir='ltr'><strong><em>ὀλυμπίαν</em></strong></span> 
     </span>
     <span class='ocr_line' id='line_1_11' title="bbox 274 1402 1433 1494; baseline -0.003 -22"><span class='ocrx_word' id='word_1_85' title='bbox 274 1407 304 1472; x_wconf 85' lang='lat' dir='ltr'><strong>oi</strong></span> <span class='ocrx_word' id='word_1_86' title='bbox 327 1407 361 1472; x_wconf 73' lang='grc' dir='ltr'><strong><em>ἀὲ</em></strong></span> <span class='ocrx_word' id='word_1_87' title='bbox 382 1404 495 1490; x_wconf 83' lang='grc' dir='ltr'><strong><em>ίάπυγα</em></strong></span> <span class='ocrx_word' id='word_1_88' title='bbox 521 1413 663 1474; x_wconf 80' lang='grc' dir='ltr'><strong><em>καλοῦσι·</em></strong></span> <span class='ocrx_word' id='word_1_89' title='bbox 689 1412 751 1471; x_wconf 85' lang='grc' dir='ltr'><strong><em>τῶν</em></strong></span> <span class='ocrx_word' id='word_1_90' title='bbox 772 1407 805 1471; x_wconf 76' lang='grc' dir='ltr'><strong><em>δέ</em></strong></span> <span class='ocrx_word' id='word_1_91' title='bbox 823 1407 937 1488; x_wconf 79' lang='grc' dir='ltr'><strong><em>μεταξὺ</em></strong></span> <span class='ocrx_word' id='word_1_92' title='bbox 961 1405 1092 1494; x_wconf 86' lang='grc' dir='ltr'><strong><em>ζεφόρου</em></strong></span> <span class='ocrx_word' id='word_1_93' title='bbox 1110 1408 1161 1470; x_wconf 76' lang='grc' dir='ltr'><strong><em>καὶ</em></strong></span> <span class='ocrx_word' id='word_1_94' title='bbox 1175 1402 1299 1470; x_wconf 83' lang='grc' dir='ltr'><strong><em>νότου·ό</em></strong></span> <span class='ocrx_word' id='word_1_95' title='bbox 1318 1406 1384 1488; x_wconf 73' lang='grc' dir='ltr'><strong><em>μὲν</em></strong></span> <span class='ocrx_word' id='word_1_96' title='bbox 1396 1413 1433 1468; x_wconf 83' lang='grc'><strong><em>10</em></strong></span> 
     </span>
     <span class='ocr_line' id='line_1_12' title="bbox 274 1505 1387 1599; baseline -0.001 -24"><span class='ocrx_word' id='word_1_97' title='bbox 274 1511 426 1596; x_wconf 77' lang='grc' dir='ltr'><strong><em>προσεχὴς</em></strong></span> <span class='ocrx_word' id='word_1_98' title='bbox 445 1518 488 1596; x_wconf 78' lang='grc' dir='ltr'><strong><em>τῷ</em></strong></span> <span class='ocrx_word' id='word_1_99' title='bbox 512 1507 631 1598; x_wconf 89' lang='grc' dir='ltr'><strong><em>ζεφόρῳ</em></strong></span> <span class='ocrx_word' id='word_1_100' title='bbox 655 1511 730 1592; x_wconf 72' lang='lat' dir='ltr'><strong>llo,</strong></span> <span class='ocrx_word' id='word_1_101' title='bbox 756 1505 773 1574; x_wconf 85' lang='grc' dir='ltr'><strong><em>ό</em></strong></span> <span class='ocrx_word' id='word_1_102' title='bbox 792 1509 825 1575; x_wconf 79' lang='grc' dir='ltr'><strong><em>ιλέ</em></strong></span> <span class='ocrx_word' id='word_1_103' title='bbox 843 1518 886 1597; x_wconf 80' lang='grc' dir='ltr'><strong><em>τῷ</em></strong></span> <span class='ocrx_word' id='word_1_104' title='bbox 903 1507 981 1599; x_wconf 83' lang='grc' dir='ltr'><strong><em>νότῳ</em></strong></span> <span class='ocrx_word' id='word_1_105' title='bbox 997 1505 1170 1592; x_wconf 78' lang='grc' dir='ltr'><strong><em>λιβόνοτος·</em></strong></span> <span class='ocrx_word' id='word_1_106' title='bbox 1195 1513 1256 1574; x_wconf 79' lang='grc' dir='ltr'><strong><em>τῶν</em></strong></span> <span class='ocrx_word' id='word_1_107' title='bbox 1270 1509 1305 1574; x_wconf 77' lang='grc' dir='ltr'><strong><em>ἀὲ</em></strong></span> <span class='ocrx_word' id='word_1_108' title='bbox 1319 1535 1387 1590; x_wconf 82' lang='grc' dir='ltr'><strong><em>με·</em></strong></span> 
     </span>
     <span class='ocr_line' id='line_1_13' title="bbox 272 1609 1388 1702; baseline -0.002 -24"><span class='ocrx_word' id='word_1_109' title='bbox 272 1614 349 1691; x_wconf 79' lang='grc' dir='ltr'><strong><em>ταξά</em></strong></span> <span class='ocrx_word' id='word_1_110' title='bbox 365 1612 454 1679; x_wconf 90' lang='grc' dir='ltr'><strong><em>νότου</em></strong></span> <span class='ocrx_word' id='word_1_111' title='bbox 471 1639 503 1679; x_wconf 87' lang='grc' dir='ltr'><strong><em>τε</em></strong></span> <span class='ocrx_word' id='word_1_112' title='bbox 520 1617 571 1678; x_wconf 78' lang='grc' dir='ltr'><strong><em>καὶ</em></strong></span> <span class='ocrx_word' id='word_1_113' title='bbox 589 1611 679 1702; x_wconf 80' lang='grc' dir='ltr'><strong><em>εόρου</em></strong></span> <span class='ocrx_word' id='word_1_114' title='bbox 696 1609 712 1676; x_wconf 83' lang='grc' dir='ltr'><strong><em>ό</em></strong></span> <span class='ocrx_word' id='word_1_115' title='bbox 731 1613 786 1696; x_wconf 83' lang='grc' dir='ltr'><strong><em>μέν</em></strong></span> <span class='ocrx_word' id='word_1_116' title='bbox 802 1616 930 1697; x_wconf 82' lang='grc' dir='ltr'><strong><em>πλησίον</em></strong></span> <span class='ocrx_word' id='word_1_117' title='bbox 950 1610 1117 1700; x_wconf 86' lang='grc' dir='ltr'><strong><em>φερόμενος</em></strong></span> <span class='ocrx_word' id='word_1_118' title='bbox 1131 1619 1176 1699; x_wconf 78' lang='grc' dir='ltr'><strong><em>τῷ</em></strong></span> <span class='ocrx_word' id='word_1_119' title='bbox 1189 1610 1266 1700; x_wconf 85' lang='grc' dir='ltr'><strong><em>νότῳ</em></strong></span> <span class='ocrx_word' id='word_1_120' title='bbox 1287 1609 1388 1694; x_wconf 81' lang='grc' dir='ltr'><strong><em>λιβά-</em></strong></span> 
     </span>
     <span class='ocr_line' id='line_1_14' title="bbox 274 1707 1389 1806; baseline 0.001 -26"><span class='ocrx_word' id='word_1_121' title='bbox 274 1743 360 1794; x_wconf 88' lang='grc' dir='ltr'><strong><em>νοτος</em></strong></span> <span class='ocrx_word' id='word_1_122' title='bbox 374 1723 506 1782; x_wconf 75' lang='grc' dir='ltr'><strong><em>καλεῖται</em></strong></span> <span class='ocrx_word' id='word_1_123' title='bbox 514 1767 524 1796; x_wconf 89' lang='grc'><strong><em>,</em></strong></span> <span class='ocrx_word' id='word_1_124' title='bbox 551 1713 567 1782; x_wconf 86' lang='grc' dir='ltr'><strong>ὁ</strong></span> <span class='ocrx_word' id='word_1_125' title='bbox 586 1717 620 1782; x_wconf 80' lang='grc' dir='ltr'><strong><em>δέ</em></strong></span> <span class='ocrx_word' id='word_1_126' title='bbox 635 1723 679 1806; x_wconf 81' lang='grc' dir='ltr'><strong><em>τῷ</em></strong></span> <span class='ocrx_word' id='word_1_127' title='bbox 695 1713 851 1804; x_wconf 77' lang='grc' dir='ltr'><strong><em>ἀπηλιώτῃ</em></strong></span> <span class='ocrx_word' id='word_1_128' title='bbox 868 1707 973 1802; x_wconf 82' lang='grc' dir='ltr'><strong><em>εόρος·</em></strong></span> <span class='ocrx_word' id='word_1_129' title='bbox 999 1715 1111 1799; x_wconf 85' lang='grc' dir='ltr'><strong><em>ὁμοίως</em></strong></span> <span class='ocrx_word' id='word_1_130' title='bbox 1125 1717 1159 1782; x_wconf 82' lang='grc' dir='ltr'><strong><em>δέ</em></strong></span> <span class='ocrx_word' id='word_1_131' title='bbox 1172 1719 1222 1780; x_wconf 81' lang='grc' dir='ltr'><strong><em>καὶ</em></strong></span> <span class='ocrx_word' id='word_1_132' title='bbox 1237 1713 1389 1800; x_wconf 80' lang='grc' dir='ltr'><strong><em>ἀπηλιώ-</em></strong></span> 
     </span>
     <span class='ocr_line' id='line_1_15' title="bbox 273 1816 1390 1909; baseline -0.004 -23"><span class='ocrx_word' id='word_1_133' title='bbox 273 1845 327 1886; x_wconf 87' lang='grc' dir='ltr'><strong><em>του</em></strong></span> <span class='ocrx_word' id='word_1_134' title='bbox 352 1823 464 1902; x_wconf 77' lang='grc' dir='ltr'><strong><em>μεταξὺ</em></strong></span> <span class='ocrx_word' id='word_1_135' title='bbox 489 1823 539 1886; x_wconf 76' lang='grc' dir='ltr'><strong><em>καὶ</em></strong></span> <span class='ocrx_word' id='word_1_136' title='bbox 561 1821 728 1909; x_wconf 84' lang='grc' dir='ltr'><strong><em>ἀπαρκτίου</em></strong></span> <span class='ocrx_word' id='word_1_137' title='bbox 745 1817 830 1902; x_wconf 77' lang='grc' dir='ltr'><strong><em>ὁμέν</em></strong></span> <span class='ocrx_word' id='word_1_138' title='bbox 846 1819 997 1906; x_wconf 81' lang='grc' dir='ltr'><strong><em>προσεχὴς</em></strong></span> <span class='ocrx_word' id='word_1_139' title='bbox 1005 1827 1053 1909; x_wconf 77' lang='grc' dir='ltr'><strong><em>’τῷ</em></strong></span> <span class='ocrx_word' id='word_1_140' title='bbox 1066 1816 1223 1905; x_wconf 80' lang='grc' dir='ltr'><strong><em>ἀπηλιώτῃ</em></strong></span> <span class='ocrx_word' id='word_1_141' title='bbox 1239 1826 1390 1886; x_wconf 77' lang='grc' dir='ltr'><strong><em>καλεῖται</em></strong></span> 
     </span>
     <span class='ocr_line' id='line_1_16' title="bbox 274 1921 1433 2013; baseline 0.001 -26"><span class='ocrx_word' id='word_1_142' title='bbox 274 1927 408 2004; x_wconf 84' lang='grc' dir='ltr'><strong><em>καικίας,</em></strong></span> <span class='ocrx_word' id='word_1_143' title='bbox 433 1921 450 1988; x_wconf 82' lang='grc' dir='ltr'>ὁ</span> <span class='ocrx_word' id='word_1_144' title='bbox 477 1926 510 1990; x_wconf 73' lang='grc' dir='ltr'><strong><em>δὲ</em></strong></span> <span class='ocrx_word' id='word_1_145' title='bbox 524 1932 569 2012; x_wconf 79' lang='grc' dir='ltr'><strong><em>τῷ</em></strong></span> <span class='ocrx_word' id='word_1_146' title='bbox 583 1924 735 2013; x_wconf 72' lang='grc' dir='ltr'><strong><em>ἀπαρκτίᾳ</em></strong></span> <span class='ocrx_word' id='word_1_147' title='bbox 749 1925 872 2011; x_wconf 82' lang='grc' dir='ltr'><strong><em>βορέας.</em></strong></span> <span class='ocrx_word' id='word_1_148' title='bbox 924 1931 986 1990; x_wconf 81' lang='grc' dir='ltr'><strong><em>τῶν</em></strong></span> <span class='ocrx_word' id='word_1_149' title='bbox 1000 1925 1034 1989; x_wconf 80' lang='grc' dir='ltr'><strong><em>όέ</em></strong></span> <span class='ocrx_word' id='word_1_150' title='bbox 1049 1922 1109 1988; x_wconf 82' lang='grc' dir='ltr'><strong><em>ἀπὸ</em></strong></span> <span class='ocrx_word' id='word_1_151' title='bbox 1125 1921 1259 2008; x_wconf 76' lang='grc' dir='ltr'><strong><em>μεγάλης</em></strong></span> <span class='ocrx_word' id='word_1_152' title='bbox 1277 1923 1389 2010; x_wconf 81' lang='grc' dir='ltr'><strong><em>ἀρχῆς</em></strong></span> <span class='ocrx_word' id='word_1_153' title='bbox 1399 1936 1433 1993; x_wconf 81' lang='lat'><strong><em>1⁵</em></strong></span> 
     </span>
     <span class='ocr_line' id='line_1_17' title="bbox 272 2023 1390 2117; baseline 0.002 -27"><span class='ocrx_word' id='word_1_154' title='bbox 272 2025 289 2090; x_wconf 87' lang='grc' dir='ltr'><strong><em>ό</em></strong></span> <span class='ocrx_word' id='word_1_155' title='bbox 306 2029 362 2110; x_wconf 81' lang='grc' dir='ltr'><strong><em>μέν</em></strong></span> <span class='ocrx_word' id='word_1_156' title='bbox 379 2027 435 2092; x_wconf 75' lang='grc' dir='ltr'><strong><em>ἀπ’</em></strong></span> <span class='ocrx_word' id='word_1_157' title='bbox 452 2027 554 2112; x_wconf 83' lang='grc' dir='ltr'><strong><em>ὀλίγης</em></strong></span> <span class='ocrx_word' id='word_1_158' title='bbox 568 2034 669 2117; x_wconf 84' lang='grc' dir='ltr'><strong><em>φοράς</em></strong></span> <span class='ocrx_word' id='word_1_159' title='bbox 685 2027 796 2114; x_wconf 86' lang='grc' dir='ltr'><strong><em>νέφους</em></strong></span> <span class='ocrx_word' id='word_1_160' title='bbox 810 2029 950 2115; x_wconf 73' lang='grc' dir='ltr'><strong><em>ἐκνεφίας</em></strong></span> <span class='ocrx_word' id='word_1_161' title='bbox 954 2075 965 2106; x_wconf 86' lang='grc'><strong><em>,</em></strong></span> <span class='ocrx_word' id='word_1_162' title='bbox 992 2023 1009 2092; x_wconf 83' lang='grc' dir='ltr'><strong><em>ό</em></strong></span> <span class='ocrx_word' id='word_1_163' title='bbox 1025 2029 1058 2092; x_wconf 80' lang='grc' dir='ltr'><strong><em>δέ</em></strong></span> <span class='ocrx_word' id='word_1_164' title='bbox 1074 2027 1134 2092; x_wconf 85' lang='grc' dir='ltr'><strong><em>ἀπὸ</em></strong></span> <span class='ocrx_word' id='word_1_165' title='bbox 1151 2023 1271 2092; x_wconf 85' lang='grc' dir='ltr'><strong><em>κόλπων</em></strong></span> <span class='ocrx_word' id='word_1_166' title='bbox 1287 2034 1390 2092; x_wconf 79' lang='grc' dir='ltr'><strong><em>τινῶν</em></strong></span> 
     </span>
    </p>

    <p class='ocr_par' dir='ltr' id='par_1_4' title="bbox 159 2127 1433 2631">
     <span class='ocr_line' id='line_1_18' title="bbox 159 2127 1390 2224; baseline 0.001 -29"><span class='ocrx_word' id='word_1_167' title='bbox 159 2152 187 2204; x_wconf 77' lang='grc' dir='ltr'><strong><em>Ρ·</em></strong></span> <span class='ocrx_word' id='word_1_168' title='bbox 209 2137 254 2186; x_wconf 67' lang='lat'><strong><em>191</em></strong></span> <span class='ocrx_word' id='word_1_169' title='bbox 276 2135 325 2196; x_wconf 79' lang='grc' dir='ltr'><strong><em>καὶ</em></strong></span> <span class='ocrx_word' id='word_1_170' title='bbox 348 2133 399 2194; x_wconf 68' lang='lat' dir='ltr'><strong><em>teu</em></strong></span> <span class='ocrx_word' id='word_1_171' title='bbox 414 2130 593 2224; x_wconf 69' lang='lat' dir='ltr'><strong>poprlyynw</strong></span> <span class='ocrx_word' id='word_1_172' title='bbox 616 2133 758 2208; x_wconf 87' lang='grc' dir='ltr'><strong><em>κολπίας,</em></strong></span> <span class='ocrx_word' id='word_1_173' title='bbox 789 2127 806 2194; x_wconf 83' lang='grc' dir='ltr'><strong>ὅ</strong></span> <span class='ocrx_word' id='word_1_174' title='bbox 827 2133 861 2196; x_wconf 76' lang='grc' dir='ltr'><strong><em>δέ</em></strong></span> <span class='ocrx_word' id='word_1_175' title='bbox 880 2131 940 2196; x_wconf 83' lang='grc' dir='ltr'><strong><em>ἀπὸ</em></strong></span> <span class='ocrx_word' id='word_1_176' title='bbox 957 2139 1014 2216; x_wconf 84' lang='grc' dir='ltr'><strong><em>γῆς</em></strong></span> <span class='ocrx_word' id='word_1_177' title='bbox 1028 2134 1079 2196; x_wconf 82' lang='grc' dir='ltr'><strong><em>καί</em></strong></span> <span class='ocrx_word' id='word_1_178' title='bbox 1093 2136 1271 2217; x_wconf 76' lang='grc' dir='ltr'><strong><em>συστροφῆς</em></strong></span> <span class='ocrx_word' id='word_1_179' title='bbox 1287 2129 1390 2218; x_wconf 78' lang='grc' dir='ltr'><strong><em>ἀέρας</em></strong></span> 
     </span>
     <span class='ocr_line' id='line_1_19' title="bbox 272 2227 1417 2323; baseline 0 -25"><span class='ocrx_word' id='word_1_180' title='bbox 272 2238 409 2320; x_wconf 79' lang='grc' dir='ltr'><strong><em>γναφέας.</em></strong></span> <span class='ocrx_word' id='word_1_181' title='bbox 463 2227 556 2318; x_wconf 78' lang='grc' dir='ltr'><strong><em>αάραι</em></strong></span> <span class='ocrx_word' id='word_1_182' title='bbox 580 2234 639 2322; x_wconf 82' lang='grc' dir='ltr'><strong><em>γάρ</em></strong></span> <span class='ocrx_word' id='word_1_183' title='bbox 664 2236 715 2299; x_wconf 82' lang='grc' dir='ltr'><strong><em>καὶ</em></strong></span> <span class='ocrx_word' id='word_1_184' title='bbox 743 2233 833 2299; x_wconf 73' lang='lat' dir='ltr'><strong>aiunl</strong></span> <span class='ocrx_word' id='word_1_185' title='bbox 857 2237 908 2300; x_wconf 79' lang='grc' dir='ltr'><strong><em>καὶ</em></strong></span> <span class='ocrx_word' id='word_1_186' title='bbox 932 2233 1033 2323; x_wconf 77' lang='grc' dir='ltr'><strong><em>ῥόσεις</em></strong></span> <span class='ocrx_word' id='word_1_187' title='bbox 1054 2235 1152 2322; x_wconf 79' lang='grc' dir='ltr'><strong><em>ἀέρων</em></strong></span> <span class='ocrx_word' id='word_1_188' title='bbox 1175 2232 1391 2317; x_wconf 77' lang='grc' dir='ltr'><strong><em>τυγχάνουσιν</em></strong></span> <span class='ocrx_word' id='word_1_189' title='bbox 1416 2287 1417 2292; x_wconf 56' lang='grc'><strong><em>,</em></strong></span> 
     </span>
     <span class='ocr_line' id='line_1_20' title="bbox 274 2331 1391 2423; baseline 0.002 -23"><span class='ocrx_word' id='word_1_190' title='bbox 274 2331 382 2413; x_wconf 74' lang='grc' dir='ltr'><strong><em>οὖσαν,</em></strong></span> <span class='ocrx_word' id='word_1_191' title='bbox 408 2338 457 2400; x_wconf 76' lang='grc' dir='ltr'><strong><em>καί</em></strong></span> <span class='ocrx_word' id='word_1_192' title='bbox 485 2337 540 2402; x_wconf 83' lang='grc' dir='ltr'><strong><em>οὐκ</em></strong></span> <span class='ocrx_word' id='word_1_193' title='bbox 563 2336 681 2422; x_wconf 85' lang='grc' dir='ltr'><strong><em>ἀλόγως</em></strong></span> <span class='ocrx_word' id='word_1_194' title='bbox 702 2335 807 2419; x_wconf 84' lang='grc' dir='ltr'><strong><em>άνεμοι</em></strong></span> <span class='ocrx_word' id='word_1_195' title='bbox 831 2343 1014 2418; x_wconf 77' lang='grc' dir='ltr'><strong><em>καλοῦνται,</em></strong></span> <span class='ocrx_word' id='word_1_196' title='bbox 1040 2337 1091 2404; x_wconf 84' lang='grc' dir='ltr'><strong><em>ὅτε</em></strong></span> <span class='ocrx_word' id='word_1_197' title='bbox 1109 2337 1129 2423; x_wconf 77' lang='grc' dir='ltr'><strong><em>ἢ</em></strong></span> <span class='ocrx_word' id='word_1_198' title='bbox 1147 2336 1207 2402; x_wconf 87' lang='grc' dir='ltr'><strong><em>ἀπό</em></strong></span> <span class='ocrx_word' id='word_1_199' title='bbox 1225 2343 1350 2420; x_wconf 81' lang='grc' dir='ltr'><strong><em>λιμνῶν</em></strong></span> <span class='ocrx_word' id='word_1_200' title='bbox 1369 2336 1391 2422; x_wconf 80' lang='grc' dir='ltr'><strong><em>ἢ</em></strong></span> 
     </span>
     <span class='ocr_line' id='line_1_21' title="bbox 274 2439 1433 2526; baseline 0.003 -23"><span class='ocrx_word' id='word_1_201' title='bbox 274 2446 420 2522; x_wconf 80' lang='grc' dir='ltr'><strong><em>ποταμῶν</em></strong></span> <span class='ocrx_word' id='word_1_202' title='bbox 443 2441 605 2526; x_wconf 85' lang='grc' dir='ltr'><strong><em>φέρονται·</em></strong></span> <span class='ocrx_word' id='word_1_203' title='bbox 633 2439 731 2522; x_wconf 80' lang='grc' dir='ltr'><strong><em>ὅμοιοι</em></strong></span> <span class='ocrx_word' id='word_1_204' title='bbox 746 2442 780 2506; x_wconf 75' lang='grc' dir='ltr'><strong><em>δέ</em></strong></span> <span class='ocrx_word' id='word_1_205' title='bbox 796 2439 912 2508; x_wconf 88' lang='grc' dir='ltr'><strong><em>τοότων</em></strong></span> <span class='ocrx_word' id='word_1_206' title='bbox 926 2445 983 2509; x_wconf 70' lang='lat' dir='ltr'><strong>eloi</strong></span> <span class='ocrx_word' id='word_1_207' title='bbox 996 2444 1048 2508; x_wconf 79' lang='grc' dir='ltr'><strong><em>καὶ</em></strong></span> <span class='ocrx_word' id='word_1_208' title='bbox 1062 2441 1091 2506; x_wconf 87' lang='lat' dir='ltr'><strong>oi</strong></span> <span class='ocrx_word' id='word_1_209' title='bbox 1106 2439 1251 2526; x_wconf 85' lang='grc' dir='ltr'><strong><em>ἀπόγειοι.</em></strong></span> <span class='ocrx_word' id='word_1_210' title='bbox 1302 2441 1433 2507; x_wconf 68' lang='grc' dir='ltr'><strong><em>ὃθενξθ</em></strong></span> 
     </span>
     <span class='ocr_line' id='line_1_22' title="bbox 276 2541 1254 2631; baseline 0.001 -25"><span class='ocrx_word' id='word_1_211' title='bbox 276 2541 408 2628; x_wconf 75' lang='grc' dir='ltr'><strong><em>εὐλόγως</em></strong></span> <span class='ocrx_word' id='word_1_212' title='bbox 420 2543 509 2631; x_wconf 84' lang='grc' dir='ltr'><strong><em>ἀέρος</em></strong></span> <span class='ocrx_word' id='word_1_213' title='bbox 521 2545 706 2627; x_wconf 79' lang='grc' dir='ltr'><strong><em>ἠρεμοῦντος</em></strong></span> <span class='ocrx_word' id='word_1_214' title='bbox 721 2544 755 2610; x_wconf 87' lang='grc' dir='ltr'><strong><em>τὸ</em></strong></span> <span class='ocrx_word' id='word_1_215' title='bbox 773 2541 955 2629; x_wconf 77' lang='grc' dir='ltr'><strong><em>κατάστημα</em></strong></span> <span class='ocrx_word' id='word_1_216' title='bbox 970 2551 1105 2630; x_wconf 76' lang='grc' dir='ltr'><strong><em>καλεῖται</em></strong></span> <span class='ocrx_word' id='word_1_217' title='bbox 1119 2545 1254 2628; x_wconf 88' lang='grc' dir='ltr'><strong><em>νηνεμία.</em></strong></span> 
     </span>
    </p>
   </div>
   <div class='ocr_carea' id='block_1_3' title="bbox 341 2651 1391 2931">
    <p class='ocr_par' dir='ltr' id='par_1_5' title="bbox 341 2651 1391 2931">
     <span class='ocr_line' id='line_1_23' title="bbox 344 2651 1391 2725; baseline 0.004 -19"><span class='ocrx_word' id='word_1_218' title='bbox 344 2656 358 2707; x_wconf 88' lang='grc'>1</span> <span class='ocrx_word' id='word_1_219' title='bbox 378 2651 508 2724; x_wconf 81' lang='grc' dir='ltr'><strong><em>ίαβιανὸν</em></strong></span> <span class='ocrx_word' id='word_1_220' title='bbox 520 2653 560 2706; x_wconf 84' lang='grc' dir='ltr'><strong><em>Ρι</em></strong></span> <span class='ocrx_word' id='word_1_221' title='bbox 579 2655 704 2710; x_wconf 78' lang='lat' dir='ltr'><strong>intactum</strong></span> <span class='ocrx_word' id='word_1_222' title='bbox 718 2655 917 2725; x_wconf 87' lang='lat' dir='ltr'><strong>relinquendum</strong></span> <span class='ocrx_word' id='word_1_223' title='bbox 929 2651 1102 2725; x_wconf 78' lang='grc' dir='ltr'><strong><em>Ἰουβιανάνς</em></strong></span> <span class='ocrx_word' id='word_1_224' title='bbox 1120 2662 1193 2708; x_wconf 77' lang='lat' dir='ltr'><strong>uerte</strong></span> <span class='ocrx_word' id='word_1_225' title='bbox 1208 2652 1391 2722; x_wconf 69' lang='lat' dir='ltr'><strong>Nicephorum</strong></span> 
     </span>
     <span class='ocr_line' id='line_1_24' title="bbox 341 2722 1389 2798; baseline 0 -21"><span class='ocrx_word' id='word_1_226' title='bbox 341 2725 494 2793; x_wconf 76' lang='lat' dir='ltr'><strong>patriarche</strong></span> <span class='ocrx_word' id='word_1_227' title='bbox 509 2724 728 2794; x_wconf 73' lang='lat' dir='ltr'><strong>chronographia</strong></span> <span class='ocrx_word' id='word_1_228' title='bbox 746 2725 780 2778; x_wconf 81' lang='lat' dir='ltr'><strong><em>ud</em></strong></span> <span class='ocrx_word' id='word_1_229' title='bbox 799 2724 895 2779; x_wconf 71' lang='lat' dir='ltr'><strong>calcem</strong></span> <span class='ocrx_word' id='word_1_230' title='bbox 912 2723 1031 2794; x_wconf 75' lang='lat' dir='ltr'>syncelli</span> <span class='ocrx_word' id='word_1_231' title='bbox 1049 2743 1077 2798; x_wconf 90' lang='lat' dir='ltr'><strong>p.</strong></span> <span class='ocrx_word' id='word_1_232' title='bbox 1091 2723 1179 2778; x_wconf 70' lang='lat' dir='ltr'><strong>toul</strong></span> <span class='ocrx_word' id='word_1_233' title='bbox 1197 2722 1242 2776; x_wconf 82' lang='lat' dir='ltr'><strong>ulii</strong></span> <span class='ocrx_word' id='word_1_234' title='bbox 1262 2740 1296 2775; x_wconf 91' lang='lat' dir='ltr'><strong><em>ue</em></strong></span> <span class='ocrx_word' id='word_1_235' title='bbox 1312 2725 1389 2777; x_wconf 80' lang='lat' dir='ltr'><strong>ecri-</strong></span> 
     </span>
     <span class='ocr_line' id='line_1_25' title="bbox 341 2739 1389 2863; baseline 0.001 -17"><span class='ocrx_word' id='word_1_236' title='bbox 341 2803 433 2863; x_wconf 80' lang='lat' dir='ltr'><strong>ptores</strong></span> <span class='ocrx_word' id='word_1_237' title='bbox 452 2792 593 2860; x_wconf 73' lang='lat' dir='ltr'><strong>Bpnentini</strong></span> <span class='ocrx_word' id='word_1_238' title='bbox 609 2795 793 2848; x_wconf 80' lang='lat' dir='ltr'><strong>eodem-modo</strong></span> <span class='ocrx_word' id='word_1_239' title='bbox 807 2794 938 2850; x_wconf 76' lang='lat' dir='ltr'><strong>scribunt.</strong></span> <span class='ocrx_word' id='word_1_240' title='bbox 969 2794 1041 2848; x_wconf 80' lang='grc' dir='ltr'><strong><em>Ηιε.</em></strong></span> <span class='ocrx_word' id='word_1_241' title='bbox 1179 2739 1267 2848; x_wconf 61' lang='lat' dir='ltr'><strong>trull</strong></span> <span class='ocrx_word' id='word_1_242' title='bbox 1286 2809 1336 2846; x_wconf 83' lang='lat' dir='ltr'><strong>om</strong></span> <span class='ocrx_word' id='word_1_243' title='bbox 1354 2793 1389 2847; x_wconf 84' lang='grc' dir='ltr'><strong><em>Ρ.</em></strong></span> 
     </span>
     <span class='ocr_line' id='line_1_26' title="bbox 345 2860 913 2931; baseline 0.002 -14"><span class='ocrx_word' id='word_1_244' title='bbox 345 2863 378 2918; x_wconf 86' lang='grc'><strong><em>18</em></strong></span> <span class='ocrx_word' id='word_1_245' title='bbox 396 2860 495 2929; x_wconf 81' lang='grc' dir='ltr'><strong><em>φάσεις</em></strong></span> <span class='ocrx_word' id='word_1_246' title='bbox 510 2861 588 2931; x_wconf 85' lang='lat' dir='ltr'><strong>libri,</strong></span> <span class='ocrx_word' id='word_1_247' title='bbox 607 2861 739 2931; x_wconf 73' lang='grc' dir='ltr'><strong><em>φυσήσας</em></strong></span> <span class='ocrx_word' id='word_1_248' title='bbox 752 2865 913 2918; x_wconf 82' lang='lat' dir='ltr'><strong>Roetherus.</strong></span> 
     </span>
    </p>
   </div>
   <div class='ocr_carea' id='block_1_4' title="bbox 273 2965 1390 4428">
    <p class='ocr_par' dir='ltr' id='par_1_6' title="bbox 274 2965 1390 3106">
     <span class='ocr_line' id='line_1_27' title="bbox 274 2965 1390 3037; baseline 0.002 -18"><span class='ocrx_word' id='word_1_249' title='bbox 274 2973 326 3019; x_wconf 86' lang='lat' dir='ltr'><strong><em>tem</em></strong></span> <span class='ocrx_word' id='word_1_250' title='bbox 343 2981 400 3018; x_wconf 84' lang='lat' dir='ltr'><strong><em>cum</em></strong></span> <span class='ocrx_word' id='word_1_251' title='bbox 422 2983 480 3018; x_wconf 85' lang='lat' dir='ltr'><strong><em>eum</em></strong></span> <span class='ocrx_word' id='word_1_252' title='bbox 500 2965 527 3016; x_wconf 90' lang='lat' dir='ltr'><strong><em>in</em></strong></span> <span class='ocrx_word' id='word_1_253' title='bbox 545 2973 633 3018; x_wconf 76' lang='lat' dir='ltr'><strong>caetra</strong></span> <span class='ocrx_word' id='word_1_254' title='bbox 655 2972 864 3036; x_wconf 73' lang='lat' dir='ltr'><strong>transportasset</strong></span> <span class='ocrx_word' id='word_1_255' title='bbox 879 2973 908 3020; x_wconf 91' lang='lat' dir='ltr'><strong><em>et</em></strong></span> <span class='ocrx_word' id='word_1_256' title='bbox 923 2966 1077 3020; x_wconf 71' lang='lat' dir='ltr'><strong>hortaretur</strong></span> <span class='ocrx_word' id='word_1_257' title='bbox 1092 2971 1124 3019; x_wconf 87' lang='lat' dir='ltr'><strong><em>ut</em></strong></span> <span class='ocrx_word' id='word_1_258' title='bbox 1139 2980 1262 3036; x_wconf 74' lang='lat' dir='ltr'><strong>supremo</strong></span> <span class='ocrx_word' id='word_1_259' title='bbox 1285 2965 1390 3037; x_wconf 73' lang='lat' dir='ltr'><strong>diepo-</strong></span> 
     </span>
     <span class='ocr_line' id='line_1_28' title="bbox 274 3035 1025 3106; baseline 0.003 -18"><span class='ocrx_word' id='word_1_260' title='bbox 274 3044 365 3102; x_wconf 86' lang='lat' dir='ltr'><strong>ueret,</strong></span> <span class='ocrx_word' id='word_1_261' title='bbox 383 3035 441 3104; x_wconf 84' lang='lat' dir='ltr'><strong>ipse</strong></span> <span class='ocrx_word' id='word_1_262' title='bbox 459 3035 568 3086; x_wconf 83' lang='lat' dir='ltr'><strong>Ioviano</strong></span> <span class='ocrx_word' id='word_1_263' title='bbox 586 3035 707 3090; x_wconf 84' lang='lat' dir='ltr'><strong>instituto</strong></span> <span class='ocrx_word' id='word_1_264' title='bbox 724 3053 788 3106; x_wconf 83' lang='lat' dir='ltr'><strong>rege</strong></span> <span class='ocrx_word' id='word_1_265' title='bbox 802 3045 919 3090; x_wconf 73' lang='lat' dir='ltr'><strong>mortuus</strong></span> <span class='ocrx_word' id='word_1_266' title='bbox 933 3043 986 3090; x_wconf 82' lang='lat' dir='ltr'><strong>est.</strong></span> <span class='ocrx_word' id='word_1_267' title='bbox 1023 3093 1025 3098; x_wconf 68' lang='lat'><strong>,</strong></span> 
     </span>
    </p>

    <p class='ocr_par' dir='ltr' id='par_1_7' title="bbox 273 3103 1390 4428">
     <span class='ocr_line' id='line_1_29' title="bbox 342 3103 1389 3188; baseline 0.001 -31"><span class='ocrx_word' id='word_1_268' title='bbox 342 3103 387 3158; x_wconf 86' lang='grc'><strong><em>76.</em></strong></span> <span class='ocrx_word' id='word_1_269' title='bbox 424 3104 478 3166; x_wconf 82' lang='lat' dir='ltr'><strong><em>Qui</em></strong></span> <span class='ocrx_word' id='word_1_270' title='bbox 500 3121 516 3156; x_wconf 80' lang='lat' dir='ltr'><strong>a</strong></span> <span class='ocrx_word' id='word_1_271' title='bbox 538 3121 631 3172; x_wconf 79' lang='lat' dir='ltr'><strong>magno</strong></span> <span class='ocrx_word' id='word_1_272' title='bbox 656 3103 733 3158; x_wconf 88' lang='lat' dir='ltr'><strong>initio</strong></span> <span class='ocrx_word' id='word_1_273' title='bbox 758 3123 771 3158; x_wconf 84' lang='lat' dir='ltr'>s</span> <span class='ocrx_word' id='word_1_274' title='bbox 791 3106 862 3162; x_wconf 79' lang='lat' dir='ltr'><strong>irent</strong></span> <span class='ocrx_word' id='word_1_275' title='bbox 881 3104 955 3160; x_wconf 79' lang='lat' dir='ltr'><strong>venti</strong></span> <span class='ocrx_word' id='word_1_276' title='bbox 974 3106 1012 3172; x_wconf 87' lang='lat' dir='ltr'><strong><em>(i.</em></strong></span> <span class='ocrx_word' id='word_1_277' title='bbox 1031 3121 1058 3158; x_wconf 90' lang='lat' dir='ltr'><strong><em>e.</em></strong></span> <span class='ocrx_word' id='word_1_278' title='bbox 1073 3103 1148 3158; x_wconf 79' lang='lat' dir='ltr'><strong>venti</strong></span> <span class='ocrx_word' id='word_1_279' title='bbox 1165 3103 1339 3188; x_wconf 68' lang='lat' dir='ltr'><strong>corinetes)</strong></span> <span class='ocrx_word' id='word_1_280' title='bbox 1359 3104 1389 3158; x_wconf 86' lang='lat' dir='ltr'><strong><em>in</em></strong></span> 
     </span>
     <span class='ocr_line' id='line_1_30' title="bbox 273 3125 1389 3244; baseline 0.001 -17"><span class='ocrx_word' id='word_1_281' title='bbox 273 3172 412 3227; x_wconf 77' lang='lat' dir='ltr'><strong>duodecim</strong></span> <span class='ocrx_word' id='word_1_282' title='bbox 434 3171 578 3225; x_wconf 80' lang='lat' dir='ltr'><strong>horizontis</strong></span> <span class='ocrx_word' id='word_1_283' title='bbox 596 3179 687 3244; x_wconf 77' lang='lat' dir='ltr'><strong>partes</strong></span> <span class='ocrx_word' id='word_1_284' title='bbox 709 3125 880 3244; x_wconf 74' lang='lat' dir='ltr'><strong>liniuntur,</strong></span> <span class='ocrx_word' id='word_1_285' title='bbox 905 3183 934 3228; x_wconf 88' lang='lat' dir='ltr'><strong><em>et</em></strong></span> <span class='ocrx_word' id='word_1_286' title='bbox 950 3174 996 3244; x_wconf 89' lang='lat' dir='ltr'><strong><em>qui</em></strong></span> <span class='ocrx_word' id='word_1_287' title='bbox 1012 3175 1046 3228; x_wconf 81' lang='lat' dir='ltr'><strong><em>eb</em></strong></span> <span class='ocrx_word' id='word_1_288' title='bbox 1062 3174 1128 3243; x_wconf 81' lang='lat' dir='ltr'><strong>ipeie</strong></span> <span class='ocrx_word' id='word_1_289' title='bbox 1151 3173 1389 3244; x_wconf 74' lang='lat' dir='ltr'><strong>septentriombue</strong></span> 
     </span>
     <span class='ocr_line' id='line_1_31' title="bbox 274 3239 1389 3328; baseline 0.003 -32"><span class='ocrx_word' id='word_1_290' title='bbox 274 3247 303 3296; x_wconf 87' lang='lat' dir='ltr'><strong><em>et</em></strong></span> <span class='ocrx_word' id='word_1_291' title='bbox 318 3241 379 3312; x_wconf 91' lang='lat' dir='ltr'><strong>polo</strong></span> <span class='ocrx_word' id='word_1_292' title='bbox 397 3239 597 3312; x_wconf 76' lang='lat' dir='ltr'><strong>septentrionali</strong></span> <span class='ocrx_word' id='word_1_293' title='bbox 613 3242 731 3312; x_wconf 80' lang='lat' dir='ltr'><strong>spirent,</strong></span> <span class='ocrx_word' id='word_1_294' title='bbox 749 3243 883 3328; x_wconf 77' lang='lat' dir='ltr'><strong>eperctiee</strong></span> <span class='ocrx_word' id='word_1_295' title='bbox 901 3249 1045 3308; x_wconf 75' lang='grc' dir='ltr'><strong><em>νοοααίατς</em></strong></span> <span class='ocrx_word' id='word_1_296' title='bbox 1066 3243 1112 3316; x_wconf 87' lang='lat' dir='ltr'><strong><em>qui</em></strong></span> <span class='ocrx_word' id='word_1_297' title='bbox 1128 3245 1160 3296; x_wconf 73' lang='lat' dir='ltr'><strong><em>ab</em></strong></span> <span class='ocrx_word' id='word_1_298' title='bbox 1179 3243 1324 3296; x_wconf 81' lang='lat' dir='ltr'><strong>occidente</strong></span> <span class='ocrx_word' id='word_1_299' title='bbox 1338 3261 1389 3299; x_wconf 78' lang='lat' dir='ltr'><strong><em>ue·</em></strong></span> 
     </span>
     <span class='ocr_line' id='line_1_32' title="bbox 274 3309 1390 3398; baseline 0.003 -35"><span class='ocrx_word' id='word_1_300' title='bbox 274 3309 444 3382; x_wconf 81' lang='lat' dir='ltr'><strong>quinoctiali,</strong></span> <span class='ocrx_word' id='word_1_301' title='bbox 465 3311 592 3380; x_wconf 81' lang='lat' dir='ltr'><strong>zephyri;</strong></span> <span class='ocrx_word' id='word_1_302' title='bbox 614 3311 660 3382; x_wconf 87' lang='lat' dir='ltr'><strong><em>qui</em></strong></span> <span class='ocrx_word' id='word_1_303' title='bbox 679 3331 695 3366; x_wconf 86' lang='grc' dir='ltr'><strong><em>ιι</em></strong></span> <span class='ocrx_word' id='word_1_304' title='bbox 712 3314 838 3382; x_wconf 79' lang='lat' dir='ltr'><strong>merrdie,</strong></span> <span class='ocrx_word' id='word_1_305' title='bbox 853 3313 925 3378; x_wconf 84' lang='lat' dir='ltr'><strong>noti;</strong></span> <span class='ocrx_word' id='word_1_306' title='bbox 947 3313 994 3382; x_wconf 83' lang='lat' dir='ltr'><strong><em>qui</em></strong></span> <span class='ocrx_word' id='word_1_307' title='bbox 1007 3319 1094 3366; x_wconf 82' lang='lat' dir='ltr'><strong>nutem</strong></span> <span class='ocrx_word' id='word_1_308' title='bbox 1112 3313 1145 3366; x_wconf 77' lang='lat' dir='ltr'><strong><em>ab</em></strong></span> <span class='ocrx_word' id='word_1_309' title='bbox 1163 3314 1267 3366; x_wconf 84' lang='lat' dir='ltr'><strong>oriente</strong></span> <span class='ocrx_word' id='word_1_310' title='bbox 1285 3314 1390 3398; x_wconf 71' lang='lat' dir='ltr'><strong>requi·-</strong></span> 
     </span>
     <span class='ocr_line' id='line_1_33' title="bbox 275 3379 1390 3454; baseline 0.002 -20"><span class='ocrx_word' id='word_1_311' title='bbox 275 3379 399 3448; x_wconf 71' lang='lat' dir='ltr'><strong>nonnuli,</strong></span> <span class='ocrx_word' id='word_1_312' title='bbox 417 3379 547 3450; x_wconf 82' lang='lat' dir='ltr'><strong>apeliotee</strong></span> <span class='ocrx_word' id='word_1_313' title='bbox 566 3382 608 3448; x_wconf 84' lang='grc' dir='ltr'><strong><em>(ι.</em></strong></span> <span class='ocrx_word' id='word_1_314' title='bbox 623 3382 790 3451; x_wconf 58' lang='lat' dir='ltr'><strong>subsolano:</strong></span> <span class='ocrx_word' id='word_1_315' title='bbox 809 3399 898 3438; x_wconf 84' lang='lat' dir='ltr'><strong>eorum</strong></span> <span class='ocrx_word' id='word_1_316' title='bbox 916 3392 1003 3438; x_wconf 81' lang='lat' dir='ltr'><strong>eutem</strong></span> <span class='ocrx_word' id='word_1_317' title='bbox 1018 3381 1064 3451; x_wconf 91' lang='lat' dir='ltr'><strong><em>qui</em></strong></span> <span class='ocrx_word' id='word_1_318' title='bbox 1077 3383 1148 3435; x_wconf 83' lang='lat' dir='ltr'><strong>inter</strong></span> <span class='ocrx_word' id='word_1_319' title='bbox 1163 3399 1209 3436; x_wconf 79' lang='lat' dir='ltr'><strong>eos</strong></span> <span class='ocrx_word' id='word_1_320' title='bbox 1227 3399 1296 3454; x_wconf 80' lang='lat' dir='ltr'><strong>quoe</strong></span> <span class='ocrx_word' id='word_1_321' title='bbox 1312 3383 1390 3436; x_wconf 65' lang='lat' dir='ltr'><strong>druri-</strong></span> 
     </span>
     <span class='ocr_line' id='line_1_34' title="bbox 275 3449 1388 3522; baseline 0.003 -19"><span class='ocrx_word' id='word_1_322' title='bbox 275 3467 333 3503; x_wconf 84' lang='lat' dir='ltr'><strong><em>mus</em></strong></span> <span class='ocrx_word' id='word_1_323' title='bbox 349 3459 444 3504; x_wconf 75' lang='lat' dir='ltr'><strong>ventos</strong></span> <span class='ocrx_word' id='word_1_324' title='bbox 463 3449 580 3520; x_wconf 77' lang='lat' dir='ltr'><strong>spirent,</strong></span> <span class='ocrx_word' id='word_1_325' title='bbox 597 3449 621 3503; x_wconf 83' lang='lat' dir='ltr'><strong><em>is</em></strong></span> <span class='ocrx_word' id='word_1_326' title='bbox 638 3451 684 3522; x_wconf 88' lang='lat' dir='ltr'><strong><em>qui</em></strong></span> <span class='ocrx_word' id='word_1_327' title='bbox 702 3452 836 3522; x_wconf 78' lang='lat' dir='ltr'><strong>proximus</strong></span> <span class='ocrx_word' id='word_1_328' title='bbox 857 3459 898 3505; x_wconf 82' lang='lat' dir='ltr'><strong><em>est</em></strong></span> <span class='ocrx_word' id='word_1_329' title='bbox 914 3451 1056 3522; x_wconf 81' lang='lat' dir='ltr'><strong>Aperctiae</strong></span> <span class='ocrx_word' id='word_1_330' title='bbox 1070 3450 1197 3522; x_wconf 76' lang='lat' dir='ltr'><strong>Caeciae,</strong></span> <span class='ocrx_word' id='word_1_331' title='bbox 1217 3467 1296 3522; x_wconf 82' lang='lat' dir='ltr'><strong>qoem</strong></span> <span class='ocrx_word' id='word_1_332' title='bbox 1316 3469 1388 3506; x_wconf 91' lang='lat' dir='ltr'><strong>non-</strong></span> 
     </span>
     <span class='ocr_line' id='line_1_35' title="bbox 276 3518 1387 3595; baseline 0.001 -23"><span class='ocrx_word' id='word_1_333' title='bbox 276 3519 340 3572; x_wconf 82' lang='lat' dir='ltr'><strong>nulli</strong></span> <span class='ocrx_word' id='word_1_334' title='bbox 354 3529 383 3572; x_wconf 87' lang='lat' dir='ltr'><strong><em>et</em></strong></span> <span class='ocrx_word' id='word_1_335' title='bbox 395 3518 543 3572; x_wconf 73' lang='lat' dir='ltr'><strong>&#39;Phrourion</strong></span> <span class='ocrx_word' id='word_1_336' title='bbox 557 3520 657 3590; x_wconf 84' lang='lat' dir='ltr'><strong>dicunt,</strong></span> <span class='ocrx_word' id='word_1_337' title='bbox 674 3521 720 3590; x_wconf 86' lang='lat' dir='ltr'><strong><em>qui</em></strong></span> <span class='ocrx_word' id='word_1_338' title='bbox 734 3531 820 3575; x_wconf 80' lang='lat' dir='ltr'><strong>autem</strong></span> <span class='ocrx_word' id='word_1_339' title='bbox 834 3521 970 3595; x_wconf 77' lang='lat' dir='ltr'><strong>Zephyro,</strong></span> <span class='ocrx_word' id='word_1_340' title='bbox 985 3521 1122 3590; x_wconf 74' lang='lat' dir='ltr'><strong>Argestes,</strong></span> <span class='ocrx_word' id='word_1_341' title='bbox 1134 3536 1212 3590; x_wconf 81' lang='lat' dir='ltr'><strong>quern</strong></span> <span class='ocrx_word' id='word_1_342' title='bbox 1226 3520 1273 3574; x_wconf 80' lang='lat' dir='ltr'><strong>olii</strong></span> <span class='ocrx_word' id='word_1_343' title='bbox 1287 3521 1387 3590; x_wconf 72' lang='lat' dir='ltr'><strong>Olyn-</strong></span> 
     </span>
     <span class='ocr_line' id='line_1_36' title="bbox 274 3587 1389 3660; baseline 0.004 -20"><span class='ocrx_word' id='word_1_344' title='bbox 274 3589 337 3658; x_wconf 81' lang='lat' dir='ltr'><strong>pian</strong></span> <span class='ocrx_word' id='word_1_345' title='bbox 362 3587 407 3641; x_wconf 84' lang='lat' dir='ltr'><strong>alii</strong></span> <span class='ocrx_word' id='word_1_346' title='bbox 432 3597 519 3642; x_wconf 80' lang='lat' dir='ltr'><strong>autern</strong></span> <span class='ocrx_word' id='word_1_347' title='bbox 541 3587 643 3658; x_wconf 75' lang='lat' dir='ltr'><strong>Iapyga</strong></span> <span class='ocrx_word' id='word_1_348' title='bbox 666 3597 779 3655; x_wconf 78' lang='lat' dir='ltr'><strong>vocant3</strong></span> <span class='ocrx_word' id='word_1_349' title='bbox 805 3609 894 3644; x_wconf 86' lang='lat' dir='ltr'><strong>eorum</strong></span> <span class='ocrx_word' id='word_1_350' title='bbox 918 3601 1005 3645; x_wconf 78' lang='lat' dir='ltr'><strong>eutero</strong></span> <span class='ocrx_word' id='word_1_351' title='bbox 1028 3590 1073 3660; x_wconf 89' lang='lat' dir='ltr'><strong><em>qui</em></strong></span> <span class='ocrx_word' id='word_1_352' title='bbox 1094 3591 1164 3643; x_wconf 87' lang='lat' dir='ltr'><strong>inter</strong></span> <span class='ocrx_word' id='word_1_353' title='bbox 1181 3589 1220 3642; x_wconf 84' lang='lat' dir='ltr'><strong><em>Ze</em></strong></span> <span class='ocrx_word' id='word_1_354' title='bbox 1239 3589 1339 3657; x_wconf 80' lang='lat' dir='ltr'><strong>hyrurn</strong></span> <span class='ocrx_word' id='word_1_355' title='bbox 1359 3599 1389 3644; x_wconf 82' lang='lat' dir='ltr'><strong><em>et</em></strong></span> 
     </span>
     <span class='ocr_line' id='line_1_37' title="bbox 274 3608 1387 3730; baseline 0 -18"><span class='ocrx_word' id='word_1_356' title='bbox 274 3659 390 3725; x_wconf 71' lang='lat' dir='ltr'><strong>Notion,</strong></span> <span class='ocrx_word' id='word_1_357' title='bbox 409 3657 431 3710; x_wconf 79' lang='lat' dir='ltr'><strong><em>is</em></strong></span> <span class='ocrx_word' id='word_1_358' title='bbox 454 3658 499 3727; x_wconf 89' lang='lat' dir='ltr'><strong><em>qui</em></strong></span> <span class='ocrx_word' id='word_1_359' title='bbox 518 3659 652 3727; x_wconf 83' lang='lat' dir='ltr'><strong>proximus</strong></span> <span class='ocrx_word' id='word_1_360' title='bbox 671 3667 712 3712; x_wconf 79' lang='lat' dir='ltr'><strong><em>eet</em></strong></span> <span class='ocrx_word' id='word_1_361' title='bbox 728 3659 854 3730; x_wconf 87' lang='lat' dir='ltr'><strong>Zephyro</strong></span> <span class='ocrx_word' id='word_1_362' title='bbox 868 3659 950 3730; x_wconf 81' lang='lat' dir='ltr'><strong>Lipe,</strong></span> <span class='ocrx_word' id='word_1_363' title='bbox 968 3659 1013 3729; x_wconf 89' lang='lat' dir='ltr'><strong><em>qui</em></strong></span> <span class='ocrx_word' id='word_1_364' title='bbox 1027 3667 1114 3712; x_wconf 80' lang='lat' dir='ltr'><strong>eutem</strong></span> <span class='ocrx_word' id='word_1_365' title='bbox 1128 3659 1201 3712; x_wconf 85' lang='lat' dir='ltr'><strong>Noto</strong></span> <span class='ocrx_word' id='word_1_366' title='bbox 1215 3608 1387 3723; x_wconf 62' lang='lat' dir='ltr'><strong>iliboootun</strong></span> 
     </span>
     <span class='ocr_line' id='line_1_38' title="bbox 276 3727 1385 3798; baseline 0.002 -18"><span class='ocrx_word' id='word_1_367' title='bbox 276 3745 366 3780; x_wconf 84' lang='lat' dir='ltr'><strong>eornm</strong></span> <span class='ocrx_word' id='word_1_368' title='bbox 382 3735 468 3780; x_wconf 82' lang='lat' dir='ltr'><strong>autem</strong></span> <span class='ocrx_word' id='word_1_369' title='bbox 485 3727 531 3796; x_wconf 88' lang='lat' dir='ltr'><strong><em>qui</em></strong></span> <span class='ocrx_word' id='word_1_370' title='bbox 551 3727 621 3780; x_wconf 86' lang='lat' dir='ltr'><strong>inter</strong></span> <span class='ocrx_word' id='word_1_371' title='bbox 634 3727 732 3782; x_wconf 84' lang='lat' dir='ltr'><strong>Notum</strong></span> <span class='ocrx_word' id='word_1_372' title='bbox 748 3739 776 3782; x_wconf 90' lang='lat' dir='ltr'><strong><em>et</em></strong></span> <span class='ocrx_word' id='word_1_373' title='bbox 789 3729 904 3794; x_wconf 85' lang='lat' dir='ltr'><strong>Eurum,</strong></span> <span class='ocrx_word' id='word_1_374' title='bbox 923 3730 946 3782; x_wconf 83' lang='lat' dir='ltr'><strong><em>ie</em></strong></span> <span class='ocrx_word' id='word_1_375' title='bbox 960 3729 1006 3798; x_wconf 88' lang='lat' dir='ltr'><strong><em>qui</em></strong></span> <span class='ocrx_word' id='word_1_376' title='bbox 1020 3747 1104 3798; x_wconf 86' lang='lat' dir='ltr'><strong>prope</strong></span> <span class='ocrx_word' id='word_1_377' title='bbox 1116 3729 1216 3782; x_wconf 86' lang='lat' dir='ltr'><strong>Notum</strong></span> <span class='ocrx_word' id='word_1_378' title='bbox 1231 3730 1321 3783; x_wconf 71' lang='grc' dir='ltr'><strong><em>λιιι-αα·</em></strong></span> <span class='ocrx_word' id='word_1_379' title='bbox 1335 3729 1385 3782; x_wconf 78' lang='grc' dir='ltr'><strong><em>1ιί-</em></strong></span> 
     </span>
     <span class='ocr_line' id='line_1_39' title="bbox 276 3797 1386 3880; baseline 0.002 -31"><span class='ocrx_word' id='word_1_380' title='bbox 276 3799 389 3850; x_wconf 80' lang='lat' dir='ltr'><strong>bonotus</strong></span> <span class='ocrx_word' id='word_1_381' title='bbox 405 3806 533 3864; x_wconf 81' lang='lat' dir='ltr'><strong>vocatur,</strong></span> <span class='ocrx_word' id='word_1_382' title='bbox 559 3797 605 3866; x_wconf 93' lang='lat' dir='ltr'><strong><em>qui</em></strong></span> <span class='ocrx_word' id='word_1_383' title='bbox 622 3805 708 3850; x_wconf 79' lang='lat' dir='ltr'><strong>autern</strong></span> <span class='ocrx_word' id='word_1_384' title='bbox 728 3815 812 3880; x_wconf 81' lang='lat' dir='ltr'><strong>prope</strong></span> <span class='ocrx_word' id='word_1_385' title='bbox 830 3797 970 3870; x_wconf 78' lang='lat' dir='ltr'><strong>Apelioten</strong></span> <span class='ocrx_word' id='word_1_386' title='bbox 988 3799 1093 3860; x_wconf 79' lang='grc' dir='ltr'><strong><em>Εατιαις</em></strong></span> <span class='ocrx_word' id='word_1_387' title='bbox 1111 3797 1234 3850; x_wconf 70' lang='lat' dir='ltr'><strong>similiter</strong></span> <span class='ocrx_word' id='word_1_388' title='bbox 1250 3807 1343 3851; x_wconf 77' lang='lat' dir='ltr'><strong>eutero</strong></span> <span class='ocrx_word' id='word_1_389' title='bbox 1357 3805 1386 3851; x_wconf 85' lang='lat' dir='ltr'><strong><em>et</em></strong></span> 
     </span>
     <span class='ocr_line' id='line_1_40' title="bbox 275 3865 1384 3938; baseline 0.002 -20"><span class='ocrx_word' id='word_1_390' title='bbox 275 3865 415 3936; x_wconf 72' lang='lat' dir='ltr'><strong>Apelleten</strong></span> <span class='ocrx_word' id='word_1_391' title='bbox 428 3866 499 3918; x_wconf 89' lang='lat' dir='ltr'><strong>intor</strong></span> <span class='ocrx_word' id='word_1_392' title='bbox 513 3873 542 3918; x_wconf 88' lang='lat' dir='ltr'><strong><em>et</em></strong></span> <span class='ocrx_word' id='word_1_393' title='bbox 554 3866 712 3935; x_wconf 75' lang='lat' dir='ltr'><strong>Apnrctian,</strong></span> <span class='ocrx_word' id='word_1_394' title='bbox 730 3884 753 3919; x_wconf 84' lang='grc' dir='ltr'><strong><em>ιι</em></strong></span> <span class='ocrx_word' id='word_1_395' title='bbox 768 3868 813 3936; x_wconf 83' lang='lat' dir='ltr'><strong><em>qui</em></strong></span> <span class='ocrx_word' id='word_1_396' title='bbox 827 3867 961 3938; x_wconf 79' lang='lat' dir='ltr'><strong>proximus</strong></span> <span class='ocrx_word' id='word_1_397' title='bbox 976 3877 1018 3920; x_wconf 78' lang='lat' dir='ltr'><strong><em>est</em></strong></span> <span class='ocrx_word' id='word_1_398' title='bbox 1030 3867 1168 3937; x_wconf 76' lang='lat' dir='ltr'><strong>Apeliotue</strong></span> <span class='ocrx_word' id='word_1_399' title='bbox 1181 3874 1295 3920; x_wconf 82' lang='lat' dir='ltr'><strong>vocetur</strong></span> <span class='ocrx_word' id='word_1_400' title='bbox 1310 3868 1384 3920; x_wconf 78' lang='lat' dir='ltr'><strong>Coe-</strong></span> 
     </span>
     <span class='ocr_line' id='line_1_41' title="bbox 275 3934 1383 4006; baseline 0 -18"><span class='ocrx_word' id='word_1_401' title='bbox 275 3936 348 4004; x_wconf 82' lang='lat' dir='ltr'><strong>oins,</strong></span> <span class='ocrx_word' id='word_1_402' title='bbox 365 3935 410 4006; x_wconf 88' lang='lat' dir='ltr'><strong><em>qui</em></strong></span> <span class='ocrx_word' id='word_1_403' title='bbox 424 3944 510 3988; x_wconf 82' lang='lat' dir='ltr'><strong>autem</strong></span> <span class='ocrx_word' id='word_1_404' title='bbox 527 3934 669 4004; x_wconf 77' lang='lat' dir='ltr'><strong>Aparctiae</strong></span> <span class='ocrx_word' id='word_1_405' title='bbox 685 3937 796 3990; x_wconf 74' lang='lat' dir='ltr'><strong>Boreae.</strong></span> <span class='ocrx_word' id='word_1_406' title='bbox 832 3953 922 3990; x_wconf 81' lang='lat' dir='ltr'><strong>eorum</strong></span> <span class='ocrx_word' id='word_1_407' title='bbox 938 3946 1024 3990; x_wconf 81' lang='lat' dir='ltr'><strong>eutem</strong></span> <span class='ocrx_word' id='word_1_408' title='bbox 1041 3937 1087 4006; x_wconf 89' lang='lat' dir='ltr'><strong><em>qui</em></strong></span> <span class='ocrx_word' id='word_1_409' title='bbox 1102 3954 1119 3988; x_wconf 84' lang='lat' dir='ltr'><strong>e</strong></span> <span class='ocrx_word' id='word_1_410' title='bbox 1135 3951 1229 4004; x_wconf 75' lang='lat' dir='ltr'><strong>magno</strong></span> <span class='ocrx_word' id='word_1_411' title='bbox 1244 3935 1340 4003; x_wconf 88' lang='lat' dir='ltr'><strong>initio,</strong></span> <span class='ocrx_word' id='word_1_412' title='bbox 1359 3937 1383 3988; x_wconf 82' lang='lat' dir='ltr'><strong><em>is</em></strong></span> 
     </span>
     <span class='ocr_line' id='line_1_42' title="bbox 275 4003 1384 4076; baseline 0.001 -20"><span class='ocrx_word' id='word_1_413' title='bbox 275 4003 321 4072; x_wconf 89' lang='lat' dir='ltr'><strong><em>qui</em></strong></span> <span class='ocrx_word' id='word_1_414' title='bbox 337 4021 353 4056; x_wconf 80' lang='lat' dir='ltr'>a</span> <span class='ocrx_word' id='word_1_415' title='bbox 370 4021 454 4074; x_wconf 73' lang='lat' dir='ltr'><strong>porro</strong></span> <span class='ocrx_word' id='word_1_416' title='bbox 470 4003 585 4058; x_wconf 83' lang='lat' dir='ltr'><strong>motione</strong></span> <span class='ocrx_word' id='word_1_417' title='bbox 602 4005 679 4058; x_wconf 80' lang='lat' dir='ltr'><strong>nubis</strong></span> <span class='ocrx_word' id='word_1_418' title='bbox 702 4003 794 4059; x_wconf 81' lang='lat' dir='ltr'><strong>existit</strong></span> <span class='ocrx_word' id='word_1_419' title='bbox 811 4005 969 4076; x_wconf 79' lang='lat' dir='ltr'><strong>ecnephiuo,</strong></span> <span class='ocrx_word' id='word_1_420' title='bbox 1014 4007 1041 4058; x_wconf 87' lang='lat' dir='ltr'><strong><em>ui</em></strong></span> <span class='ocrx_word' id='word_1_421' title='bbox 1065 4015 1152 4058; x_wconf 82' lang='lat' dir='ltr'><strong>nutem</strong></span> <span class='ocrx_word' id='word_1_422' title='bbox 1179 4023 1195 4058; x_wconf 81' lang='lat' dir='ltr'><strong>e</strong></span> <span class='ocrx_word' id='word_1_423' title='bbox 1216 4004 1328 4058; x_wconf 78' lang='lat' dir='ltr'><strong>sinubus</strong></span> <span class='ocrx_word' id='word_1_424' title='bbox 1355 4015 1384 4058; x_wconf 88' lang='lat' dir='ltr'><strong><em>et</em></strong></span> 
     </span>
     <span class='ocr_line' id='line_1_43' title="bbox 276 4023 1382 4162; baseline 0 -37"><span class='ocrx_word' id='word_1_425' title='bbox 276 4091 326 4143; x_wconf 89' lang='lat' dir='ltr'><strong><em>per</em></strong></span> <span class='ocrx_word' id='word_1_426' title='bbox 341 4071 472 4126; x_wconf 80' lang='lat' dir='ltr'><strong>convelles</strong></span> <span class='ocrx_word' id='word_1_427' title='bbox 496 4071 611 4142; x_wconf 80' lang='grc' dir='ltr'><strong><em>οοΙρὶαα,</em></strong></span> <span class='ocrx_word' id='word_1_428' title='bbox 636 4073 683 4144; x_wconf 92' lang='lat' dir='ltr'><strong><em>qui</em></strong></span> <span class='ocrx_word' id='word_1_429' title='bbox 700 4083 786 4128; x_wconf 83' lang='lat' dir='ltr'><strong>entem</strong></span> <span class='ocrx_word' id='word_1_430' title='bbox 804 4083 909 4129; x_wconf 78' lang='lat' dir='ltr'><strong>eterra</strong></span> <span class='ocrx_word' id='word_1_431' title='bbox 927 4085 955 4128; x_wconf 87' lang='lat' dir='ltr'><strong><em>et</em></strong></span> <span class='ocrx_word' id='word_1_432' title='bbox 974 4023 1130 4128; x_wconf 71' lang='lat' dir='ltr'><strong>oillectione</strong></span> <span class='ocrx_word' id='word_1_433' title='bbox 1146 4074 1215 4127; x_wconf 69' lang='lat' dir='ltr'><strong>uiris</strong></span> <span class='ocrx_word' id='word_1_434' title='bbox 1238 4074 1382 4162; x_wconf 76' lang='lat' dir='ltr'><strong>gnophioe.</strong></span> 
     </span>
     <span class='ocr_line' id='line_1_44' title="bbox 274 4141 1385 4213; baseline -0.001 -19"><span class='ocrx_word' id='word_1_435' title='bbox 274 4159 357 4194; x_wconf 79' lang='lat' dir='ltr'><strong>nureo</strong></span> <span class='ocrx_word' id='word_1_436' title='bbox 381 4141 450 4194; x_wconf 83' lang='lat' dir='ltr'><strong>enim</strong></span> <span class='ocrx_word' id='word_1_437' title='bbox 473 4151 501 4194; x_wconf 91' lang='lat' dir='ltr'><strong><em>et</em></strong></span> <span class='ocrx_word' id='word_1_438' title='bbox 523 4141 576 4212; x_wconf 77' lang='lat' dir='ltr'><strong>ipsi</strong></span> <span class='ocrx_word' id='word_1_439' title='bbox 598 4151 626 4196; x_wconf 89' lang='lat' dir='ltr'><strong><em>et</em></strong></span> <span class='ocrx_word' id='word_1_440' title='bbox 647 4143 725 4196; x_wconf 76' lang='lat' dir='ltr'><strong>flatus</strong></span> <span class='ocrx_word' id='word_1_441' title='bbox 750 4145 838 4198; x_wconf 73' lang='lat' dir='ltr'><strong>uirum</strong></span> <span class='ocrx_word' id='word_1_442' title='bbox 860 4152 937 4209; x_wconf 81' lang='lat' dir='ltr'><strong>eunt,</strong></span> <span class='ocrx_word' id='word_1_443' title='bbox 959 4161 1008 4196; x_wconf 88' lang='lat' dir='ltr'><strong><em>nec</em></strong></span> <span class='ocrx_word' id='word_1_444' title='bbox 1027 4147 1128 4213; x_wconf 76' lang='lat' dir='ltr'><strong>absque</strong></span> <span class='ocrx_word' id='word_1_445' title='bbox 1151 4143 1256 4197; x_wconf 78' lang='lat' dir='ltr'><strong>ratione</strong></span> <span class='ocrx_word' id='word_1_446' title='bbox 1283 4157 1385 4207; x_wconf 84' lang='grc' dir='ltr'><strong><em>ανεμσι</em></strong></span> 
     </span>
     <span class='ocr_line' id='line_1_45' title="bbox 277 4209 1381 4279; baseline 0.002 -17"><span class='ocrx_word' id='word_1_447' title='bbox 277 4209 390 4279; x_wconf 71' lang='lat' dir='ltr'><strong>(uenti)</strong></span> <span class='ocrx_word' id='word_1_448' title='bbox 409 4219 552 4277; x_wconf 76' lang='lat' dir='ltr'><strong>vocentur,</strong></span> <span class='ocrx_word' id='word_1_449' title='bbox 579 4227 636 4265; x_wconf 83' lang='lat' dir='ltr'><strong>oum</strong></span> <span class='ocrx_word' id='word_1_450' title='bbox 658 4211 702 4265; x_wconf 84' lang='lat' dir='ltr'><strong><em>vel</em></strong></span> <span class='ocrx_word' id='word_1_451' title='bbox 724 4229 740 4266; x_wconf 79' lang='lat' dir='ltr'><strong>e</strong></span> <span class='ocrx_word' id='word_1_452' title='bbox 762 4213 869 4268; x_wconf 68' lang='lat' dir='ltr'><strong>lacubus</strong></span> <span class='ocrx_word' id='word_1_453' title='bbox 888 4212 932 4266; x_wconf 80' lang='lat' dir='ltr'><strong><em>vel</em></strong></span> <span class='ocrx_word' id='word_1_454' title='bbox 948 4213 1099 4268; x_wconf 77' lang='lat' dir='ltr'><strong>fluminibus</strong></span> <span class='ocrx_word' id='word_1_455' title='bbox 1118 4215 1254 4266; x_wconf 76' lang='lat' dir='ltr'><strong>feruntur:</strong></span> <span class='ocrx_word' id='word_1_456' title='bbox 1281 4212 1381 4266; x_wconf 71' lang='lat' dir='ltr'><strong>similer</strong></span> 
     </span>
     <span class='ocr_line' id='line_1_46' title="bbox 276 4280 1382 4352; baseline -0.001 -19"><span class='ocrx_word' id='word_1_457' title='bbox 276 4289 363 4333; x_wconf 82' lang='lat' dir='ltr'><strong>nutem</strong></span> <span class='ocrx_word' id='word_1_458' title='bbox 386 4280 476 4334; x_wconf 83' lang='lat' dir='ltr'><strong>horum</strong></span> <span class='ocrx_word' id='word_1_459' title='bbox 493 4289 555 4331; x_wconf 78' lang='lat' dir='ltr'><strong>eunt</strong></span> <span class='ocrx_word' id='word_1_460' title='bbox 574 4289 603 4333; x_wconf 94' lang='lat' dir='ltr'><strong><em>et</em></strong></span> <span class='ocrx_word' id='word_1_461' title='bbox 619 4289 779 4350; x_wconf 74' lang='lat' dir='ltr'><strong>terrestres,</strong></span> <span class='ocrx_word' id='word_1_462' title='bbox 805 4283 875 4336; x_wconf 88' lang='lat' dir='ltr'><strong>unde</strong></span> <span class='ocrx_word' id='word_1_463' title='bbox 893 4301 945 4335; x_wconf 91' lang='lat' dir='ltr'><strong>non</strong></span> <span class='ocrx_word' id='word_1_464' title='bbox 967 4291 1068 4336; x_wconf 85' lang='lat' dir='ltr'><strong>temere</strong></span> <span class='ocrx_word' id='word_1_465' title='bbox 1088 4283 1231 4352; x_wconf 71' lang='lat' dir='ltr'><strong>instetur,</strong></span> <span class='ocrx_word' id='word_1_466' title='bbox 1256 4299 1313 4336; x_wconf 82' lang='lat' dir='ltr'><strong><em>cum</em></strong></span> <span class='ocrx_word' id='word_1_467' title='bbox 1333 4282 1382 4334; x_wconf 77' lang='grc' dir='ltr'><strong><em>ιίιι·</em></strong></span> 
     </span>
     <span class='ocr_line' id='line_1_47' title="bbox 276 4347 1049 4428; baseline 0.006 -27"><span class='ocrx_word' id='word_1_468' title='bbox 276 4347 381 4418; x_wconf 71' lang='lat' dir='ltr'><strong>quietus</strong></span> <span class='ocrx_word' id='word_1_469' title='bbox 399 4356 455 4414; x_wconf 83' lang='lat' dir='ltr'><strong>est,</strong></span> <span class='ocrx_word' id='word_1_470' title='bbox 479 4355 590 4401; x_wconf 74' lang='lat' dir='ltr'><strong>vocetur</strong></span> <span class='ocrx_word' id='word_1_471' title='bbox 607 4349 723 4418; x_wconf 86' lang='grc' dir='ltr'><strong><em>νηνεμία</em></strong></span> <span class='ocrx_word' id='word_1_472' title='bbox 741 4349 760 4404; x_wconf 84' lang='grc' dir='ltr'><strong><em>ἰ.</em></strong></span> <span class='ocrx_word' id='word_1_473' title='bbox 777 4369 801 4404; x_wconf 89' lang='lat' dir='ltr'><strong><em>e.</em></strong></span> <span class='ocrx_word' id='word_1_474' title='bbox 820 4351 950 4428; x_wconf 65' lang='lat' dir='ltr'><strong>“renitor</strong></span> <span class='ocrx_word' id='word_1_475' title='bbox 967 4351 1049 4406; x_wconf 69' lang='lat' dir='ltr'><strong>uiris.</strong></span> 
     </span>
    </p>
   </div>
   <div class='ocr_carea' id='block_1_5' title="bbox 0 0 1517 4938">
    <p class='ocr_par' dir='ltr' id='par_1_8' title="bbox 0 0 1517 4938">
     <span class='ocr_line' id='line_1_48' title="bbox 0 0 1517 4938; baseline 0 0"><span class='ocrx_word' id='word_1_476' title='bbox 0 0 1517 4938; x_wconf 95' lang='lat' dir='ltr'><strong><em> </em></strong></span> 
     </span>
    </p>
   </div>
  </div>
 </body>
</html>
