3022 4938
687 351 859 423 loturus
886 351 989 422 LYDI

439 533 564 611 μηναῒοι
579 522 680 611 πάσης
693 523 871 615 ίπιβῆτορες
885 527 940 611 ἠδ’
957 527 1097 612 luidbret

439 627 516 716 όλης
532 632 678 718 οδρανίας
690 656 722 697 τε
737 636 786 697 καί
801 633 944 721 ἀστερίας
958 635 1008 696 καί
1026 629 1192 715 ἀβόσσονν.]

389 731 426 803 6.
478 736 511 800 ai
531 741 587 800 τοῦ
604 733 721 822 σπόρου
746 733 852 822 ἑορταί
856 777 866 816 ,
890 737 922 802 ai
946 731 1101 822 λεγόμεναι
1127 735 1213 821 παρὰ
1231 729 1395 816 Ῥωμαίοις

285 841 472 922 υημαιτίβαι
482 888 492 919 ,
515 837 652 904 τοοτίστι
673 836 835 926 σπόριμοι,
858 841 913 906 ada
937 839 1047 922 ἔλαχον
1073 833 1243 926 ῶρισμίνην
1265 834 1394 924 ἡμέραν,

286 941 333 1006 ὅτι
351 941 408 1006 oria
431 942 582 1030 εὐπρεπὴς
602 947 663 1020 πῶς
683 944 791 1030 καιρός
811 948 854 1021 είς
874 943 972 1030 ἀρχὴν
985 940 1118 1030 σπόρου·
1145 941 1239 1029 ἢγάρ
1256 940 1421 1028 πρώίμοςὸ

286 1046 339 1110 διὰ
352 1044 409 1122 τάς
421 1046 591 1132 ἐπομβρίας
604 1045 624 1130 ἢ
639 1045 756 1130 όψιμος
770 1046 822 1112 διδ
836 1047 892 1126 τάς
904 1050 1101 1133 βραδυτῆτας
1112 1049 1234 1132 γίνεται»
1285 1043 1395 1136 ἤγοντο

286 1151 320 1214 di
346 1150 394 1213 ίπί
418 1145 474 1213 δόο
501 1146 633 1234 ἡμέρας,
660 1150 715 1214 οὐκ
744 1152 871 1238 ίφεξῆς,
906 1151 986 1216 ἀλλὰ
1007 1151 1101 1233 μέσον
1122 1151 1285 1236 γινομένων
1308 1145 1397 1214 ἑπτά.

286 1256 337 1318 καί
350 1258 389 1339 τῇ
404 1253 461 1334 μίν
475 1249 581 1340 πρώτῃ
598 1254 769 1340 ἶεροποίοον
778 1253 934 1342 Δήμητρι,
956 1251 1021 1319 οἷον
1034 1259 1073 1341 τῇ
1084 1261 1123 1340 γῇ
1135 1259 1174 1341 τῇ
1187 1251 1397 1339 ὑποδεχομένη

285 1357 358 1433 τοὺς
383 1354 535 1441 καρποός,
572 1353 645 1422 aira.
661 1357 739 1440 μετὰ
761 1355 838 1423 ime
862 1356 980 1446 ἢμίρας
1010 1357 1100 1445 Κόρη
1126 1365 1164 1446 τῇ
1186 1365 1248 1422 τῶν
1270 1363 1397 1443 καρπῶν

286 1458 407 1548 ἓιμόρῳ,
433 1461 497 1526 inei
518 1467 580 1526 πᾶν
602 1463 725 1548 σπίρμα
747 1459 912 1546 ἱβδομαῖον
932 1459 1107 1549 προκόπτειι
1158 1464 1208 1526 καί
1222 1461 1258 1526 ori
1274 1457 1396 1547 σπίρμα
1407 1475 1443 1527 10

287 1561 402 1648 μόνον,
428 1563 508 1628 ἀλλὰ
531 1567 583 1629 καί
604 1564 752 1648 ίμψόχων
774 1565 814 1632 τὰ
838 1565 937 1650 πτηνά
959 1563 1013 1633 τόν
1037 1563 1203 1650 ἕβδομαῒον
1226 1566 1273 1630 ini
1294 1563 1399 1650 τριάδι

288 1667 369 1733 κατὰ
383 1667 439 1751 τὴν
451 1668 566 1753 γίνεσιν
579 1664 724 1756 φυλάττει
738 1667 847 1754 λόγον,
874 1668 954 1758 λόγῳ
974 1671 1030 1753 μὲν
1042 1665 1267 1756 ξηραινομίνων
1276 1675 1399 1752 χυμῶν,

289 1769 468 1838 nahtamat
483 1775 606 1858 φυσικοί
621 1779 834 1856 σημειοῦνται·
860 1775 908 1838 ἐπὶ
923 1774 981 1857 μὲν
999 1772 1059 1861 γὰρ
1080 1779 1135 1856 τῆς
1151 1776 1254 1860 τρίτης
1272 1767 1399 1858 ἄρχεται

192 1901 222 1964 p.
239 1889 275 1946 83
291 1873 311 1960 ἦ
326 1877 438 1963 καρδία
457 1881 627 1955 κινεῖσθαι,
648 1877 696 1941 ini
717 1878 750 1942 di
768 1883 825 1960 τῆς
837 1873 973 1961 ἑβδόμης
986 1877 1020 1942 τό
1035 1876 1160 1960 υόμπαν
1175 1877 1398 1960 αἱματοῦσθαι,

289 1981 337 2046 tut
360 1981 394 2044 di
412 1986 468 2064 τῆς
487 1979 818 2065 τεσσαρεσκαιδεκάτης
839 1984 1072 2070 διαρθροῦσθαι
1096 1977 1131 2046 τό
1157 1987 1268 2063 σῶμα,
1294 1981 1341 2044 ἐπί
1365 1981 1398 2044 δι’
1409 1989 1442 2047 15

288 2090 344 2168 τῆς
371 2079 492 2160 είκάδος
515 2080 639 2170 πρώτης
667 2083 853 2172 ῥημυμίνυυ
881 2093 936 2152 τοῦ
962 2081 1113 2172 κελόφους
1133 2083 1255 2172 ἀφιέναι
1283 2083 1399 2172 φωνήν.

287 2190 413 2273 μεγίστη
433 2183 493 2273 γδρ
517 2183 537 2270 ἡ
559 2185 688 2269 δύναμις
709 2193 765 2272 τῆς
786 2185 934 2268 ἱππάδος·
956 2185 1047 2274 ὁγὰρ
1062 2188 1135 2254 κατ’
1151 2187 1247 2272 αὐτὴν
1263 2186 1402 2274 ἀριθμός

287 2287 401 2376 άμιγής
430 2293 493 2354 dura
523 2291 573 2353 καί
607 2289 735 2377 ἀμήτωρ
743 2339 753 2370 ,
788 2289 865 2376 μήτε
889 2299 1001 2378 γεννῶν
1022 2290 1099 2375 μήτε
1123 2290 1322 2377 γεννώμενος,
1358 2287 1401 2369 ῶς

288 2393 417 2470 ῗκαστος
429 2399 492 2456 τῶν
505 2393 538 2456 ἓν
550 2400 589 2480 τῇ
605 2392 709 2460 δεκάδι
724 2395 880 2480 ἀριθμῶν.
920 2388 994 2462 ὅθεν
1007 2396 1037 2462 oi
1051 2393 1265 2482 Πυθαγόρειοι
1280 2395 1402 2486 Ἀθηνᾷ

284 2497 342 2581 τὴν
358 2493 476 2562 intuta
494 2495 706 2564 ἀνατίθενται·
734 2505 772 2586 τῇ
787 2495 846 2586 γάρ
860 2497 1009 2588 περιόδῳ,
1036 2501 1132 2586 φασί,
1157 2507 1213 2584 τῆς
1225 2497 1439 2582 ἕβδομόδοςω

285 2598 386 2667 πάντα
402 2596 549 2665 ἀθάνατα
562 2595 752 2682 διασώζεται.
778 2605 829 2668 καὶ
843 2599 896 2668 διδ
909 2611 1000 2670 τοῦτο
1012 2609 1159 2669 καλοῦσιν
1173 2603 1269 2688 αὐτὴν
1278 2599 1401 2689 παρθίι

354 2745 374 2800 2
389 2740 524 2813 οόρσκίηε
536 2744 583 2799 καί
595 2741 724 2814 οίοτερίηο
734 2743 783 2799 καί
794 2741 923 2818 uptam
935 2745 1142 2820 Olympiodorua
1155 2743 1184 2800 ih
1195 2739 1266 2802 Plat.
1275 2747 1363 2802 aluo.
1377 2743 1400 2800 i.

354 2832 560 3022 ῗύοφηιραιρρίδαι
575 2882 610 2938 V.
711 2887 730 2942 ί
742 2882 874 2964 γινομένη
889 2883 925 2942 V.
1011 2888 1045 2942 12
1059 2885 1151 2956 meir
1164 2882 1224 2940 BV.
1310 2877 1344 2939 io
1358 2901 1404 2938 ιιε·

287 3078 389 3130 restrae
403 3081 484 3143 atque
496 3071 563 3126 aetii
596 3076 677 3144 hique
690 3081 753 3130 anat
767 3077 819 3132 aab
833 3077 901 3144 lnee,
916 3075 1022 3131 innarea
1035 3069 1200 3146 ἐπιβήτορες
1212 3079 1292 3146 atque
1307 3067 1405 3140 ἐπιβῆ·

287 3159 345 3210 ται,
362 3142 382 3196 i.
399 3161 424 3196 e.
441 3143 487 3212 qui
500 3091 649 3196 fecundatio
658 3163 760 3199 omnem
771 3146 907 3200 materiam
919 3157 947 3200 et
958 3145 1063 3217 quaein
1075 3143 1148 3198 caelo
1163 3157 1191 3197 et
1204 3161 1272 3214 quae
1286 3143 1314 3196 in
1329 3151 1404 3195 terra

288 3221 344 3280 eat,
366 3229 398 3265 ao
410 3208 635 3282 profunditatea.”

357 3282 384 3334 6.
421 3281 554 3334 sementia
570 3281 665 3350 feriae,
682 3299 752 3354 quae
765 3285 890 3337 dieantur
905 3300 921 3337 a
935 3281 1062 3336 Romania
1073 3281 1247 3348 sementivae,
1264 3297 1317 3333 non
1330 3287 1403 3334 atate

290 3350 493 3404 celebrabant-nr
505 3352 559 3418 die,
577 3354 789 3422 quarrdoqnidem
805 3368 858 3408 uon
872 3352 986 3422 quodvis
1000 3361 1104 3422 tempus
1116 3353 1148 3404 ad
1165 3351 1342 3420 incipiendam
1356 3367 1402 3403 sea

289 3429 402 3474 mentem
422 3421 544 3473 idoneum
562 3432 617 3475 est:
636 3433 683 3478 aut
701 3423 771 3476 enim
789 3423 822 3476 fit
842 3422 1002 3491 tempeative
1018 3429 1129 3490 propter
1151 3422 1258 3488 imbreo,
1275 3427 1322 3472 aut
1341 3435 1404 3472 sera

290 3499 402 3560 propter
418 3491 610 3544 cunctationes.
647 3493 795 3560 agebantur
815 3502 901 3545 autem
923 3491 1047 3558 biduum,
1065 3499 1118 3544 uon
1133 3491 1274 3559 deinceps,
1291 3491 1339 3542 aed
1357 3507 1402 3542 ae-

309 3569 362 3613 tem
381 3560 538 3614 intermiaaia
556 3561 666 3626 diebna3
684 3569 715 3614 et
733 3561 817 3630 priori
837 3579 915 3614 sacra
933 3557 1068 3614 iaciebant
1087 3560 1181 3612 Cereri
1195 3565 1319 3628 tanquam
1334 3555 1403 3611 Tel·

289 3577 350 3696 iuri,
368 3647 436 3714 puae
452 3630 549 3700 recipit
562 3629 670 3698 fruges,
688 3631 785 3685 deinde
800 3641 903 3700 neptem
921 3639 983 3700 poet
996 3630 1091 3683 diebua
1105 3629 1284 3698 Proserpinae
1297 3627 1404 3696 frugum

290 3701 423 3770 praesidi,
442 3701 654 3770 quandoquidem
666 3717 742 3754 omne
754 3717 844 3754 semen
859 3709 922 3770 port
936 3699 1076 3768 septimum
1089 3699 1158 3752 diem
1176 3699 1317 3766 germinat.
1353 3709 1405 3750 neo

290 3769 487 3837 ammanium,
506 3770 648 3824 sedetiam
661 3787 694 3824 ex
709 3769 886 3822 animantibus
901 3787 965 3824 aven
980 3777 1089 3840 praeter
1102 3768 1214 3822 triadem
1229 3768 1404 3837 septimanam

289 3833 318 3892 in
333 3839 507 3906 generatione
519 3849 666 3908 aequunmr
680 3843 819 3908 rationem,
838 3855 895 3892 eum
909 3857 941 3892 ex
955 3839 1059 3892 ratione
1075 3847 1198 3892 areacant
1211 3837 1339 3908 liquores.
1377 3846 1406 3890 et

287 3917 318 3959 tat
330 3907 436 3976 physici
451 3908 618 3976 significante
636 3910 718 3962 tertia
728 3909 798 3962 enim
811 3909 975 3963 hebdomade
988 3927 1035 3962 oor
1048 3908 1149 3960 moveri
1168 3907 1272 3976 incipit,
1290 3907 1405 3976 septima

287 3977 440 4029 universum
461 3977 583 4030 converti
601 3978 630 4030 in
645 3979 815 4048 aanguinem,
833 3979 1031 4047 quartadecima
1049 3992 1145 4048 corpua
1160 3975 1404 4030 inarticulata·

290 4041 365 4111 mari,
384 4054 447 4114 poet
463 4046 574 4114 primum
595 4055 682 4100 autem
698 4049 795 4117 viginti
808 4049 998 4102 hebdomadum
1017 4046 1141 4115 epatium,
1158 4063 1216 4099 cum
1232 4046 1406 4116 diarumpitur

292 4123 433 4184 pnmmam
448 4117 529 4168 edere
549 4129 653 4170 vocem.
688 4119 800 4170 maxime
821 4118 891 4171 enim
914 4117 1037 4200 heptadia
1053 4116 1094 4168 via
1113 4125 1170 4172 eata
1189 4115 1246 4168 eiua
1266 4114 1336 4168 euim
1354 4129 1404 4168 nu·

293 4199 381 4236 merua
396 4202 447 4236 non
460 4179 556 4240 nixam
571 4193 613 4237 eat
625 4195 652 4238 et
664 4195 748 4240 matre
763 4195 854 4254 earet,
873 4197 903 4240 ut
913 4205 959 4256 qur
972 4203 1058 4255 neque
1070 4194 1182 4252 generat
1192 4201 1279 4254 neque
1290 4201 1404 4253 genera·

293 4261 347 4320 tur,
365 4254 517 4323 utquisque
529 4265 695 4308 nurnerorum
705 4257 735 4309 in
746 4259 855 4310 deeade.
900 4258 970 4308 unde
982 4253 1146 4324 Pythagorei
1158 4255 1298 4308 Minervae
1308 4256 1404 4324 hepta·

294 4324 354 4376 dem
373 4323 477 4376 dicante
498 4325 620 4392 heptadia
641 4326 728 4390 enim,
746 4327 835 4392 aiunt,
853 4325 966 4378 circuitu
985 4324 1072 4378 omnia
1086 4323 1242 4377 immortalia
1252 4335 1404 4377 servantur.

295 4400 325 4444 at
336 4391 430 4446 baeda
441 4408 521 4446 canae
538 4409 596 4446 eam
612 4393 744 4462 virginem
759 4403 869 4466 potente
888 4403 965 4464 patre
983 4403 1071 4448 natam
1088 4393 1194 4464 dieunt,
1213 4395 1336 4462 qnondam
1347 4410 1405 4448 mn-
