3022 4938
467 318 524 384 tta
548 317 759 388 MENSIBUS
783 317 840 388 IV.
1127 321 1199 394 103

112 485 287 576 βαρβάροις.
336 487 418 578 δόλῳ
434 491 468 556 δὲ
484 487 568 574 ὅμως
585 487 754 558 ἀπίλλοται
771 495 823 558 καὶ
839 493 1036 576 παμπληθεῖ·
1060 488 1116 562 daie
1139 493 1200 581 γὰρ

57 589 60 597 ’
110 593 243 678 Πέρσαι,
269 591 551 681 άκριντηριάσαντες
568 591 695 673 {amobe
716 596 803 662 ὤτων
820 618 852 664 τε
873 598 925 662 καί
943 594 1123 686 μυκτήρων,
1148 598 1199 662 di-

61 731 65 745 ·
110 694 215 772 θόντες
236 695 374 764 ἀπατῶσι
398 698 451 764 τδν
462 694 642 779 Ἰουλιανόν,
667 705 795 766 τοιαῦτα
810 701 887 789 πρὸς
902 705 957 765 τοῦ
971 702 1121 782 βασιλέως
1136 725 1198 766 πα-

3 835 5 852 ·
108 805 174 862 θεῖν
188 806 249 864 τῶν
263 803 396 886 Περσῶν
408 801 585 887 ὅδνρέμονοι
592 847 603 881 ,
626 799 779 868 δύνασθαι
790 801 890 885 ὅμως,
911 803 992 891 είπερ
1005 802 1109 880 αὐτοῖς
1123 803 1197 887 iute-

86 917 157 972 5ται
181 899 197 965 ὁ
219 902 382 982 Ἰουλιανός
386 951 397 982 ,
423 905 474 970 ἐπ’
494 905 589 989 αὐτῆς
606 905 698 972 edeta
712 909 744 971 Γ
741 913 849 993 οργοδς
853 955 864 998 t
888 913 945 990 τῆς
959 909 1120 988 βασιλίδος
1134 911 1196 971 τῶν

106 1008 253 1092 Περσῶν,
279 1013 407 1072 νικῶντα
429 1015 629 1092 καταστῆσαι
679 1006 761 1090 ὅδέ,
785 1011 1049 1098 τῆςπεπρωμίνης
1062 1007 1197 1093 ίπειγοάω

105 1131 175 1190 σης,
199 1106 355 1196 Ζωπάρον
370 1136 402 1176 τε
421 1110 489 1193 ἅμα
504 1119 560 1177 τοῦ
572 1109 768 1200 Ἡροδοτείοο
785 1116 838 1178 καλ
851 1115 983 1190 Σίκωνος
997 1117 1053 1179 τοῦ
1069 1113 1197 1198 Οάεργι-

3 1279 4 1302 3
105 1216 208 1276 λιιιτοῦ
223 1213 453 1296 ἐπιλελησμένος
457 1262 467 1292 ,
492 1213 549 1292 τδς
559 1223 634 1293 ναῦς
646 1217 838 1304 καταφλέξας
852 1216 894 1281 δι’
911 1205 953 1282 ὧν
965 1215 1019 1282 τδν
1032 1213 1199 1304 Εάφράτην

3 1327 4 1364 i
106 1316 305 1402 παρεφέρετο,
333 1313 375 1394 ὥς
388 1316 432 1400 μὴ
449 1315 603 1402 δήπουθεν
615 1320 753 1406 Πίρσαις
765 1317 871 1386 ἄδειαν
883 1323 939 1386 τοῦ
945 1315 1128 1406 χρήσασθαι
1141 1319 1199 1383 αδ-

3 1465 5 1476 .
72 1429 188 1496 λαιαῖς,
211 1420 342 1504 μετρίαν
357 1419 424 1486 τινά
442 1418 581 1505 δαπάνην
594 1425 768 1504 κομίζοντος
788 1429 845 1488 τοῦ
862 1428 1012 1510 στρατοῦ,
1037 1433 1102 1500 τοῖς
1117 1421 1199 1488 ἀπα-

3 1527 4 1540 ’
104 1529 194 1588 τάσιν
208 1521 432 1607 ἠκολούθησεν.
483 1524 511 1588 οἱ
529 1527 563 1590 δέ
578 1529 621 1602 τίς
636 1523 731 1610 ξηρὰν
751 1527 805 1590 καὶ
819 1525 951 1613 άννδρον
966 1523 1127 1611 ἀγαγόντες
1142 1524 1201 1590 αὔ-

104 1623 155 1688 tir
177 1627 354 1710 δυσχωρίαν
360 1674 370 1705 ,
394 1625 448 1693 τάν
467 1626 558 1692 δόλον
584 1626 786 1710 ἀπεκάλυψαν
791 1676 802 1707 ,
828 1631 878 1694 καί
894 1628 979 1694 αὐτοὶ
994 1631 1050 1712 μίν
1076 1631 1130 1712 (τί
1142 1627 1202 1716 γάρ

102 1719 138 1810 ἦν
160 1729 294 1810 πλέονς)
321 1727 477 1796 ἀπώλοντο
483 1777 494 1808 ,
521 1727 538 1794 ὁ
563 1731 597 1796 δέ
615 1727 776 1814 βασιλεύς,
800 1729 874 1797 otte
889 1737 1051 1817 προελθεῖν
1067 1733 1201 1798 ἐπέκεινα
1246 1754 1252 1776 ⁸

105 1831 171 1896 utut
183 1831 426 1916 ἀναστρέψαντι)
444 1832 550 1900 λσιπδν
563 1830 709 1921 εὑρίσκων
715 1883 729 1916 ,
746 1838 874 1920 οίκτρῶς
888 1835 1058 1922 ἐφθείρετο.
1110 1831 1152 1912 ὡς
1165 1833 1204 1900 δέ

71 1941 98 1996 15
106 1933 136 1998 rb
156 1935 236 2000 πολδ
256 1935 351 2023 μέρος
367 1941 423 2018 τῆς
438 1943 584 2022 στρατιάς
597 1939 730 2004 διέπεσεν
736 1988 750 2017 ,
772 1937 953 2016 ἀσθενοῦντι
968 1936 1052 2025 αὐτῷ
1065 1937 1200 2019 ἐπῆλθον

104 2036 131 2100 ei
149 2041 291 2125 Πέρσαι.
315 2027 557 2116 ’ἓλαττιοθέντες
579 2042 613 2105 δέ
633 2043 684 2106 καὶ
703 2038 800 2119 οὕτως
815 2033 908 2117 αὖθις
924 2041 1106 2106 ἐπιτίθενται
1120 2039 1203 2124 μηδέ
1217 2059 1245 2114 p·
1265 2043 1315 2098 12⁰

104 2137 156 2206 δάο
178 2138 338 2226 μυριάδας
359 2141 477 2226 έχοντι,
500 2151 545 2232 τῷ
570 2145 641 2230 πρὶν
665 2141 866 2210 ἑπτακαίδεκα
891 2144 1074 2232 ἀπαγομένην.
1126 2139 1142 2207 ὁ
1167 2143 1201 2207 δέ
1369 2153 1377 2166 “

101 2241 265 2320 ’ίοολιανδς
287 2245 456 2328 ίμαχίσατο
473 2244 597 2333 ἀριστα.
646 2243 689 2326 τίς
703 2249 735 2313 δι’
748 2249 780 2313 ix
797 2254 852 2332 τῆς
863 2251 1018 2334 Περσικῆς
1033 2242 1200 2333 φάλαγγος,

104 2352 160 2411 τάν
173 2347 344 2433 λεγσμίναιν
359 2352 558 2436 Σαρακηνῶν,
576 2349 610 2416 εἰι
626 2357 682 2433 τῆς
698 2347 879 2438 ἀλονργίδος
892 2351 1022 2434 βασιλέα
1036 2347 1202 2431 ἀπολαβὼν

69 2448 250 2536 Ξοάνίιιραγε
273 2453 409 2538 πατρίοις
430 2450 589 2535 Μαλχάν,
612 2452 703 2525 οἱονεί
717 2451 880 2536 βασιλεύς,
902 2456 954 2520 καλ
971 2455 1097 2540 &nuptie
1113 2451 1202 2542 ῥοίζῳ

104 2551 156 2635 τὴν
180 2554 346 2638 λεγομένην
368 2553 530 2642 ῥομφαίαν·
546 2554 689 2640 διήλασεν
712 2556 806 2623 αάτδν
823 2557 902 2623 κατὰ
918 2563 976 2622 τοῦ
991 2556 1096 2644 ἦτρον.
1146 2563 1202 2621 τοῦ

105 2656 138 2722 δέ
156 2655 354 2746 Ὀρεεβασίοο
378 2660 559 2742 κομίσαντος
572 2658 664 2728 αὐτὸν
681 2661 725 2738 είς
739 2659 795 2745 τὴν
810 2659 1008 2748 παρεμβολὴν
1026 2661 1076 2725 καί
1094 2658 1202 2724 διαθέ-

109 2811 128 2878 .'
169 2820 188 2875 3
203 2817 332 2874 τοσαῦτα
349 2819 382 2874 Ρ.
486 2815 574 2882 θεάς
586 2835 616 2874 τε
629 2821 702 2882 νοεῖς
717 2819 827 2874 ilarius.
931 2822 949 2876 9
966 2815 1088 2906 Πέρσαιρ
1100 2819 1202 2874 δοῦναι

170 2883 274 2944 ἄδειαν
300 2889 410 2942 Hostus.
550 2892 581 2944 tt
610 2885 736 2958 ἄνυδρον
762 2889 928 2944 Roetbenrss
960 2889 1038 2958 vulgo
1067 2905 1201 2960 ανογρσν.

169 2961 204 3014 13
219 2959 390 3028 προσελθεῖν
404 2955 482 3012 libri:
499 2976 560 3014 ποτε
575 2960 754 3032 nocueris„
856 2961 891 3012 20
909 2955 1043 3027 ἀνίκραεε
1056 2957 1089 3011 Ρ.

105 3094 249 3152 tolerabilis
271 3101 330 3152 erat
349 3094 482 3150 barbaris.
516 3096 577 3150 dolo
596 3103 684 3152 autem
701 3095 783 3149 nihilo
804 3095 889 3150 minna
912 3095 985 3166 perit
1006 3115 1063 3151 enm
1083 3095 1204 3152 omnibus

106 3167 168 3220 adeo
185 3165 288 3238 copiis:
312 3167 364 3219 duo
379 3165 448 3218 enim
461 3164 576 3235 Persae,
610 3164 638 3219 ui
651 3165 775 3220 mutilatis
793 3167 899 3220 attribue
917 3166 1076 3237 naribusque
1093 3169 1127 3222 ad
1145 3183 1204 3221 eum

107 3247 247 3304 venerant,
264 3234 399 3306 decipiunt
412 3233 554 3305 Iulianum,
608 3237 635 3288 ia
648 3254 677 3289 se
691 3253 707 3288 a
719 3235 859 3289 Persarum
871 3253 936 3304 rege
950 3253 1042 3304 passos
1055 3235 1205 3306 plorantem

105 3321 182 3374 posse
197 3315 308 3374 tamen„
320 3303 449 3374 siquidem
465 3303 537 3374 ipsos
554 3312 691 3358 secuturus
705 3311 778 3358 esset
790 3303 920 3372 lulianus,
938 3304 966 3357 in
982 3305 1042 3375 ipsa
1057 3322 1115 3358 eum
1131 3307 1203 3357 Gor-

105 3391 187 3443 gone,
216 3374 294 3442 regia
315 3373 471 3442 Persarum,
501 3373 628 3428 victorem
648 3375 772 3427 reddere.
807 3373 850 3427 iile
876 3382 961 3426 autern
987 3376 1044 3428 fato
1070 3375 1203 3442 adigente,

107 3441 205 3514 Zopyri
224 3442 302 3496 simul
318 3441 465 3496 Herodotei
482 3454 510 3497 et
526 3442 634 3496 Sinonis
650 3441 791 3510 virgiliani
808 3441 921 3510 oblitus,
948 3441 1059 3496 navibus
1076 3442 1202 3508 incensis,

107 3514 200 3592 quibus
217 3529 267 3582 per
279 3512 444 3582 Euphratem
461 3519 552 3565 vectus
570 3521 644 3581 erat,
668 3529 703 3564 ne
717 3512 843 3564 videlicet
856 3511 947 3564 Persis
964 3512 1041 3564 daret
1053 3509 1204 3564 facultatem
1317 3535 1327 3554 .

108 3582 139 3632 its
157 3581 265 3649 utendi,
288 3581 446 3634 mediocrem
463 3589 631 3634 commeatum
653 3581 772 3634 exercitu
787 3588 910 3650 portante
927 3581 1083 3648 impostores
1097 3587 1203 3632 secutus

108 3659 162 3716 est;
187 3651 234 3720 qni
250 3649 297 3704 ubi
314 3667 372 3704 eum
388 3649 515 3704 inlocum
534 3649 668 3703 difficilem
685 3649 785 3703 aridum
800 3659 828 3701 et
844 3665 913 3717 aqua
931 3657 1063 3701 carentem
1084 3648 1202 3700 deduxe-

108 3728 180 3787 runt,
205 3717 292 3774 dolum
311 3729 487 3788 aperuerunt,
512 3726 539 3772 et
564 3719 617 3788 ipsi
636 3718 742 3789 quidem
766 3717 850 3786 (quid
873 3717 941 3768 enim
956 3716 1086 3787 reliquum
1101 3716 1202 3784 erati)

109 3788 260 3857 perierunt,
280 3788 424 3859 imperator
436 3799 537 3856 autern,
559 3804 645 3908 nepae
661 3789 790 3870 quomodo
806 3787 1011 3860 progrederetur
1027 3784 1136 3838 ulterius
1153 3802 1202 3838 ne-

109 3873 159 3925 que
181 3860 311 3926 quomodo
334 3867 514 3912 reverteretur
537 3873 646 3926 enipius
667 3856 823 3922 inveniens,
854 3853 948 3907 misere
971 3854 1128 3908 interfectus
1150 3861 1202 3908 est.

111 3925 154 3978 ubi
176 3937 265 3982 autera
285 3927 367 3980 maior
387 3945 448 3996 pars
474 3926 606 3980 exercitus
628 3924 737 3993 effugit,
762 3924 892 3977 laboranti
915 3922 968 3993 ipsi
992 3929 1204 3994 supervenerunt

110 3993 222 4063 Persae,
246 4005 273 4050 et
292 4013 439 4065 quiunquam
461 3994 560 4050 devicti
576 3993 619 4046 vei
635 3994 675 4046 sic
693 4011 750 4046 eum
772 3991 926 4045 adoriuntur
943 4011 976 4046 ne
989 3992 1085 4062 viginti
1098 3992 1203 4062 quidem

113 4063 181 4116 milia
193 4065 348 4132 habentem,
366 4083 423 4118 cum
439 4073 518 4118 antea
532 4072 635 4116 centum
654 4071 682 4115 et
695 4060 863 4130 septuaginta
877 4060 948 4113 milia
960 4061 1122 4115 adduxisset.
1156 4061 1203 4116 Iu·

112 4131 193 4186 iianus
211 4151 275 4186 vero
294 4137 428 4204 pugnabat
447 4151 545 4187 summa
559 4131 675 4194 virtute;
699 4147 766 4184 unus
781 4139 868 4182 antem
890 4147 923 4182 ex
939 4129 1048 4184 Persica
1062 4130 1202 4204 phalange,

113 4201 299 4258 Saraoeaorum
318 4203 365 4272 qui
384 4203 556 4268 dicebantur,
581 4219 614 4254 ex
630 4217 748 4270 purpura
763 4199 946 4268 imperatorem
967 4217 1027 4254 esse
1043 4199 1203 4269 suspiratur,

115 4269 197 4336 patrio
221 4289 340 4330 sermone
362 4271 517 4326 exclamavit
538 4271 674 4334 ιααλσλαιι,
699 4269 719 4322 i.
741 4287 766 4321 e.
784 4285 846 4336 rex,
870 4275 899 4324 et
918 4268 998 4323 σιίοοο
1014 4285 1071 4322 cum
1088 4269 1204 4322 stridore

115 4355 191 4409 eure,
208 4341 253 4410 qai
270 4339 398 4410 ῥομφαία
412 4341 524 4409 dicitur,
541 4339 648 4392 traiecit
665 4355 724 4392 eam
742 4337 813 4391 cirea
826 4338 963 4394 abdomen.
997 4337 1138 4392 Oribaeius
1152 4353 1201 4392 au-
