3100 4958
228 1113 799 1228 noumucus
877 1111 1127 1226 ross

460 1319 903 1418 LECTORI.

581 1573 790 1588 *ἡ

119 1761 260 1868 Primae
282 1796 410 1860 editioni
427 1801 549 1862 loannis
564 1797 644 1883 Lydi
659 1799 758 1882 operis
776 1797 814 1861 de
829 1799 1052 1878 magistratibus
1069 1801 1113 1861 rei
1127 1803 1232 1884 publi-

120 1923 174 1964 oso
190 1907 370 1982 Romanus,
393 1923 484 1988 quem
498 1902 576 1964 mihi
589 1903 744 1966 mundavit
755 1907 803 1966 vir
814 1902 1035 1961 illustrissimus
1049 1907 1133 1964 ouius
1148 1927 1164 1964 e
1178 1925 1232 1965 oo-

122 2004 189 2066 dioe
213 2009 363 2089 cuiusque
381 2008 586 2068 munificentie
605 2028 686 2068 uuno
698 2010 731 2068 iu
743 2009 844 2068 luoom
857 2002 975 2086 prodit,
995 2024 1093 2085 panos
1105 2003 1182 2067 huso
1193 2005 1233 2068 do

124 2109 227 2170 labore
240 2129 313 2170 meo
323 2111 454 2192 praeferi
467 2130 529 2170 uon
542 2112 650 2172 inutile
661 2109 805 2171 iudioevi.

205 2211 332 2288 Codex,
355 2231 415 2296 quo
437 2233 498 2273 uuo
517 2233 590 2276 usus
610 2235 696 2291 sum,
718 2224 781 2274 iem
797 2213 878 2272 mele
895 2209 1020 2272 nffeotrrs
1038 2221 1132 2272 estut
1146 2231 1232 2273 oom-

127 2313 263 2394 pluribus
286 2316 362 2378 louis
381 2318 496 2398 legenti
514 2337 636 2398 prorsus
657 2319 696 2379 sit
714 2314 951 2398 desperandum,
974 2317 1098 2398 eiusque
1118 2315 1232 2374 utalia

122 2419 239 2494 mults,
268 2419 312 2478 sio
340 2439 381 2478 ex
408 2441 498 2501 opere
528 2420 565 2482 de
592 2422 816 2501 magistratibus
844 2439 906 2480 nou
925 2438 1022 2500 peuce
1041 2421 1231 2479 interierunt.

121 2539 201 2601 quse
214 2539 287 2581 vero
303 2541 343 2581 ex
358 2519 417 2582 hoo
431 2526 496 2604 ipso
513 2544 602 2605 opere
617 2545 703 2585 cesus
716 2543 872 2607 superesse
884 2523 997 2600 voluit,
1018 2541 1070 2600 eu,
1091 2525 1230 2606 quemvis
1248 2549 1277 2606 p.
1295 2545 1395 2587 umu

120 2624 214 2702 poulo
235 2642 330 2706 quem
349 2635 463 2684 ceierae
484 2628 627 2708 reliquiae
645 2628 802 2687 laetiorem
822 2636 935 2686 sordem
955 2635 1096 2706 expone,
1125 2627 1231 2685 multis

120 2733 226 2784 samen
239 2727 315 2786 loeis
328 2726 455 2786 obscure
467 2739 585 2788 tentum
599 2731 755 2804 literarum
769 2729 916 2812 vestigio,
936 2728 1041 2789 multis
1056 2746 1175 2810 quoquo
1190 2747 1230 2787 us

118 2821 198 2887 lisso
211 2825 338 2910 quidem
351 2827 507 2891 exhibent.

206 2933 305 3004 Quare
319 2933 417 3012 prims
430 2930 508 2992 mihi
525 2953 595 2994 oure
609 2935 669 2994 suit
683 2945 818 3013 textum,
842 2930 942 3016 quoad
957 2931 1022 2991 fieri
1037 2941 1157 3012 posset,
1178 2933 1229 2992 iu-

115 3039 243 3110 tegrum
258 3033 388 3095 trudere.
431 3033 503 3095 hoio
512 3039 715 3117 ingratissimo
730 3039 849 3097 muneri
861 3057 916 3118 pro
929 3035 1043 3096 viribus
1057 3037 1228 3096 satisfecere

116 3137 265 3212 cupiens,
285 3137 503 3219 investigandis
523 3141 679 3201 literarum
700 3141 834 3224 reliquiis
856 3137 1057 3220 comparando
1076 3149 1107 3198 et
1124 3142 1229 3200 oouis'-

118 3233 231 3296 otaudo
250 3239 416 3318 plurimum
436 3245 580 3323 temporis
599 3247 765 3324 insumpsi3
788 3263 849 3324 quo
876 3241 1001 3326 quidem
1019 3241 1053 3302 id
1074 3255 1228 3304 osseoutus

118 3357 191 3397 sum
212 3349 248 3398 ut
269 3345 389 3402 nonnisi
409 3347 590 3423 psuoissims
603 3349 756 3406 omiserim
772 3356 823 3405 eut
836 3363 946 3406 menos
959 3346 1151 3426 reliquerim,
1171 3367 1230 3406 ue-

119 3457 182 3522 que
195 3449 309 3519 temen,
332 3443 414 3524 quod
427 3450 562 3506 maxime
577 3449 744 3509 oevendum
757 3449 912 3530 putubum,
934 3458 1046 3508 temere
1061 3447 1229 3530 quidquam

118 3543 153 3602 iu
180 3553 301 3604 textum
324 3552 499 3628 receperim.
542 3571 598 3612 neo
619 3553 769 3611 minorem
788 3569 891 3611 eurem
905 3561 1007 3611 textum
1023 3549 1228 3612 emendationi

119 3643 276 3726 impendi,
297 3649 394 3708 multo
410 3647 588 3728 difficiliori,
608 3662 676 3712 tum
689 3650 772 3735 quod
786 3673 847 3714 uuo
863 3663 982 3714 rentum
995 3651 1099 3712 oodioe
1110 3655 1227 3733 utebar,

119 3755 186 3806 tum
205 3746 290 3829 quod
309 3751 451 3810 orationis
467 3749 689 3816 distiuofiouem
704 3765 758 3815 eut
770 3757 888 3816 nullom
901 3765 954 3814 sut
969 3773 1144 3834 perversam
1157 3759 1228 3840 ple-

119 3867 248 3933 rumque
269 3853 465 3931 reperiebam.
507 3858 580 3916 vitiu
604 3868 705 3918 eutem
725 3857 902 3938 multipliois
918 3856 1038 3935 generis
1052 3862 1167 3938 passim
1181 3871 1265 3940 iotp·
1278 3881 1389 3924 nmen

117 3953 330 4031 occurrebant,
351 3965 401 4031 ui,
423 3958 519 4017 sioubi
532 3961 596 4019 sive
610 3958 754 4020 mendum
767 3979 829 4019 uon
846 3954 1072 4037 deprehendero
1085 3966 1151 4025 sive
1163 3967 1225 4026 mi.

116 4073 176 4114 nus
198 4067 280 4116 reete
305 4055 522 4137 emendavero,
543 4062 595 4121 vel
609 4073 732 4142 propter
747 4059 991 4141 oorrigendorum
1003 4059 1159 4128 ingentem
1172 4071 1226 4113 θο-

116 4157 200 4236 pism
216 4157 255 4216 sb
269 4160 375 4239 nequis
387 4160 549 4224 lectoribus
564 4166 685 4224 venium
696 4183 817 4243 sperare
830 4166 938 4224 susim.
982 4172 1072 4242 utque
1084 4151 1143 4213 hoo
1157 4155 1225 4216 looo

115 4277 236 4343 nequeo
250 4262 326 4342 quin
339 4263 416 4322 cru.
430 4267 548 4326 Brsrn.
560 4269 664 4327 Hssro
678 4277 709 4326 et
721 4267 889 4328 Gereoruo
902 4267 1084 4329 Grosersm
1094 4263 1224 4320 zsuroo

115 4359 400 4445 Thessalonicam,
423 4364 605 4432 doctissimis
617 4369 708 4451 viris,
728 4371 849 4452 publice
861 4371 973 4453 gratius
986 4382 1091 4450 agam:
1113 4363 1224 4446 qu³PP⁰
