3022 4938
625 97 637 134 i

445 315 503 384 DE
526 313 735 382 MENSIBUS
760 315 819 383 lv.
1138 315 1188 390 57

102 491 161 572 περί
175 491 321 570 σταθμῶν
331 484 437 570 χιλίων
450 485 568 568 ὀβολῶν
583 487 660 571 λέγει
675 484 770 552 πάλαι
784 486 928 571 γενέσθαι
941 484 976 552 τό
989 488 1188 576 μιλιαρίσιον,

101 595 146 656 καὶ
163 591 219 656 ἀπό
233 599 289 674 τῆς
300 587 440 674 χιλιάδος
454 598 515 655 τῶν
530 589 648 672 ὀβολῶν
665 589 762 667 οδτως
775 591 996 676 ὀνομασθῆναι.

198 694 251 762 10.
307 694 385 760 Μετ’
408 693 503 777 αὐτὴν
524 694 601 776 βοτά
623 692 775 776 ποόβλικα
796 690 904 760 ὡσανεὶ
927 689 1072 777 δημόσιαι
1094 691 1189 776 εόχαί.

100 800 144 862 καί
163 797 258 874 ἀδεῶς
276 798 312 863 τό
335 803 456 879 πλῆθος
475 798 668 864 ἀπε’σκωπτεν
690 801 732 874 είς
751 798 824 876 τοὺς
842 795 991 883 ἄρχοντας
1006 798 1041 862 οὐ
1056 793 1190 884 ῥήμασιν

78 901 168 970 ᾱάλλά
183 903 232 964 καί
246 899 399 983 σχήμασιν
414 900 461 967 ἐπί
475 901 511 966 τό
526 904 684 986 γελοιιῦδες
697 899 808 984 ἐχουσι.
830 907 920 967 τοῦτο
938 903 971 966 δι’
985 900 1132 987 ἔπραττον
1148 903 1191 982 είς

97 1006 180 1086 τιμὴν
191 1006 377 1092 ἐλευθερίας,
386 1006 449 1094 Ικαί
463 1004 492 1070 ci
506 1004 647 1092 ἀρχοντες
658 1005 830 1070 ἐνεδίδοσαν
844 1001 954 1084 ὡσανεὶΙ
966 1001 1051 1090 νόμῳ
1065 1009 1103 1088 τῇ
1117 1029 1191 1068 συν-

97 1111 179 1196 ηδείρ
198 1114 459 1196 παραχωροῖντες.
488 1109 538 1174 καλ
560 1108 705 1194 ἀνέηερον
727 1109 782 1191 τὴν
797 1110 1015 1174 οέωνοσκοπίαν
1032 1106 1060 1172 ci
1078 1105 1188 1172 ὕπατοι
1205 1137 1233 1192 p.
1252 1119 1288 1176 6³

97 1221 153 1287 τοῖς
166 1211 399 1297 αὐτοκράτορσι,
425 1213 463 1278 δι’
481 1203 518 1295 ἧς
533 1210 707 1296 ἐγινώσκετο
723 1211 862 1289 ποταπὸς
877 1211 940 1298 ἀρα
961 1211 1045 1280 ἔσται
1061 1207 1076 1274 ό
1091 1211 1192 1276 ἐνιαυ-

96 1313 150 1390 τός.
176 1318 202 1378 εί
223 1315 358 1400 μὲνγὰρ
383 1317 494 1399 συνίβη
517 1313 616 1405 ἡμίρςι
634 1311 720 1398 ἡλίου
739 1319 923 1399 συνδραμεῖν
938 1315 994 1398 τὴν
1010 1312 1117 1400 ἕορτὴν
1130 1319 1192 1378 τῶν

65 1421 266 1496 ιοκαλανδιόν,
292 1420 443 1502 πολίμονς
464 1421 513 1486 καλ
536 1417 691 1506 ἀρχόντων
706 1420 886 1508 διαφθορὰς
904 1421 955 1484 καί
973 1425 1033 1484 τῶν
1050 1414 1192 1501 όπηκόων

97 1521 130 1584 δι’
145 1522 258 1598 αὐτοὺς
275 1523 426 1604 διχονοίας
443 1522 595 1605 ἀνέμενον,
617 1523 689 1600 τοδς
708 1524 742 1588 δέ
756 1523 867 1608 ξηροδς
880 1523 1017 1611 καρποὺς
1031 1519 1192 1608 ἀφθόνους

95 1626 139 1688 καί
154 1623 264 1712 ιρήμας
278 1624 487 1710 παραδόξους·
514 1631 541 1694 εί
555 1627 589 1692 δὲ
605 1624 741 1709 σελήνης,
761 1633 891 1692 τοιαῦτα
907 1627 963 1710 μέν
977 1625 1086 1703 οάκίτι,
1105 1631 1191 1713 citc-

95 1728 146 1812 ράν
161 1729 195 1793 δέ
209 1734 341 1814 βρεηῶν
356 1732 407 1794 καί
429 1727 538 1796 σπάνιν
552 1737 613 1796 τῶν
628 1731 803 1812 ἐπιτηδείων
822 1727 875 1817 ἐαρ
892 1755 925 1798 τε
940 1728 1074 1814 ψυχρόν,
1099 1729 1136 1793 τὰ
1156 1727 1189 1796 δ’

94 1829 249 1918 ἀκρόδρυα
271 1834 412 1914 δαψιλῶς
428 1831 602 1902 ἐπιδώσειν·
630 1833 701 1902 τίδ’
713 1831 828 1918 Ἄρεος,
855 1833 1053 1918 ἐμπρησμοὺς
1070 1832 1126 1914 μὲν
1140 1832 1191 1900 καί

64 1931 211 2012 15ιόσους,
242 1935 324 2006 οίνον
349 1936 383 2006 δέ
401 1938 452 2000 καί
476 1939 578 2004 ἐλαίου
599 1938 650 2002 καί
671 1937 804 2023 ὀσπρίων
826 1936 991 2022 ἀφθονίαν,
1013 1936 1063 2004 καὶ
1084 1932 1190 2000 στάσιν

93 2037 255 2124 ἐμηόλιον·
282 2038 356 2108 trev
375 2040 408 2108 δὲ
428 2035 559 2128 Ἕρμοδ,
593 2040 720 2128 φθορὰν
741 2041 797 2122 μὲν
818 2041 931 2123 νηπίων
956 2039 1006 2104 καλ
1030 2035 1139 2113 νόσους
1157 2039 1190 2102 ἐκ

92 2139 201 2226 δόσεως
220 2139 356 2228 γαστρός
363 2189 374 2219 ,
401 2147 451 2208 καλ
473 2154 540 2220 ταῖς
562 2144 671 2226 μέσαις
683 2145 714 2212 ἐν
729 2141 831 2233 ἡλικίη
844 2145 960 2228 γυναιξί
977 2138 1114 2230 φθοράν,
1139 2139 1191 2206 καλ

92 2245 174 2326 λιμὸν
197 2246 382 2310 ἀπευκταΐον
402 2246 553 2312 καθόλου.
581 2249 613 2314 ἐν
630 2247 690 2334 γάρ
714 2254 753 2332 τῇ
774 2247 852 2325 Διὸς
872 2243 972 2336 ἡμίρρ
986 2241 1193 2329 ἐμπιπτούσης

91 2355 141 2430 τῆς
159 2356 220 2415 τῶν
247 2350 406 2418 καλανδῶν
430 2347 537 2437 ἑορτῆς
561 2348 662 2418 πάντα
681 2350 737 2434 μίν
753 2350 860 2435 ἀγαθὰ
875 2352 992 2420 ἐδίδοτο
1007 2349 1192 2436 προσδοκᾶν,

60 2451 217 2532 timueritis
244 2453 277 2517 δὲ
296 2453 347 2520 κοιλ
366 2449 484 2536 δετεόδη
507 2454 561 2522 τόν
576 2452 702 2542 καιρόν,
722 2450 764 2531 ὡς
777 2455 856 2538 μηδὲ
871 2454 944 2530 τοδς
957 2452 1115 2536 ποταμοὺς
1127 2458 1195 2528 ταῖς

93 2557 207 2632 οἰκείαις
227 2554 422 2641 ἀρκεσθῆναι
443 2549 566 2633 κοίταις.
592 2557 640 2622 ἐπί
664 2559 698 2622 δέ
718 2565 774 2640 τῆς
795 2559 899 2640 ἕκτης,
932 2555 999 2641 ἣτις
1013 2555 1196 2643 Ἀφροδίτης

96 2653 161 2722 εἶναι
175 2661 347 2742 νομίζεται,
373 2669 438 2736 τοῖς
458 2662 514 2742 μίν
535 2658 664 2747 ἄρχουσι
677 2658 830 2748 θόρυβον,
855 2669 919 2742 τοῖς
936 2661 970 2724 δὲ
985 2669 1113 2745 καρποῖς
1131 2659 1196 2722 ἐπί-

95 2763 190 2840 δοσιν,
225 2763 278 2830 sui
301 2772 366 2838 τοῖς
383 2773 494 2840 κοινοῖς
517 2765 668 2848 πολίμους
688 2769 795 2852 βαρεῖς
818 2761 945 2852 ηθορόν
969 2787 1001 2832 τε
1021 2759 1196 2852 ἀνθρώπων

67 2893 74 2912 ’
156 2905 173 2958 8
192 2900 285 2973 ἔσται]
303 2905 346 2980 εἴη
360 2905 393 2963 Ρ.
500 2909 532 2967 17
548 2905 676 2978 ναστοῶν
689 2905 723 2962 Ρ.

92 3025 251 3144 ροσόετίοοε
270 3023 340 3077 mille
353 3023 438 3078 obelis
454 3023 515 3079 olim
531 3027 683 3084 constitisse
700 3026 769 3085 dicit
783 3023 946 3082 miliarisimn
962 3030 990 3080 st
1007 3042 1024 3080 a
1042 3023 1112 3078 mille
1129 3025 1196 3079 ebe-

102 3111 169 3150 ururn
188 3111 299 3147 nurnero
317 3093 357 3146 ita
374 3094 532 3148 nominatum
549 3096 643 3150 fuisse.

160 3165 202 3219 10.
239 3161 308 3216 Post
325 3179 383 3218 enm
399 3165 468 3222 diem
488 3173 552 3219 vcta
566 3165 682 3235 publica.
714 3171 743 3220 ct
756 3165 863 3235 impuue
878 3163 955 3236 plebs
970 3163 1099 3218 illudebat
1111 3161 1195 3232 magi-

95 3233 217 3286 stratibus
236 3249 291 3286 non
309 3232 396 3299 dictis,
415 3249 507 3286 vertum
523 3235 601 3290 etiam
621 3235 740 3304 gestibus
758 3236 793 3290 ad
806 3235 887 3290 risum
901 3236 1058 3288 movendum
1071 3243 1195 3303 spectan-

95 3300 171 3354 tibus.
200 3302 253 3356 hcc
267 3309 354 3354 autem
369 3303 504 3356 faciebant
517 3304 545 3360 iu
564 3304 688 3360 honorem
703 3303 843 3372 libertatis,
863 3313 891 3357 et
904 3322 927 3361 m
964 3305 1071 3361 istratus
1086 3303 1196 3374 permit-

94 3371 200 3436 tebant,
219 3371 361 3438 cedentes,
376 3381 498 3440 tauquam
511 3372 574 3442 legi,
593 3373 786 3428 consuetudini.
815 3382 843 3426 et
860 3322 1015 3428 essertines
1031 3374 1065 3426 de
1078 3371 1196 3441 augurii!

96 3439 211 3494 eonsules
226 3441 260 3493 ad
279 3439 461 3509 imperatores,
476 3460 509 3495 cr
524 3443 620 3512 quibus
635 3445 844 3512 cognoscebatur
857 3443 941 3512 qualis
955 3445 1012 3500 fere
1026 3459 1108 3500 sunus
1124 3447 1197 3493 esset

96 3508 205 3562 iuturus.
232 3509 258 3562 si
270 3508 339 3564 enim
353 3509 502 3578 contigerat
514 3522 543 3565 ut
555 3511 583 3564 in
594 3513 664 3568 diem
676 3511 739 3568 solis
752 3511 901 3568 inciderent
913 3511 1088 3567 Kalendarum
1101 3509 1196 3577 seriae,

95 3575 160 3629 bella
168 3587 198 3630 at
209 3577 409 3646 magistratuum
420 3582 515 3634 caedes
525 3589 553 3636 et
565 3581 659 3636 civium
671 3589 782 3663 propter
794 3599 840 3633 ees
852 3581 987 3636 dissensus
997 3580 1196 3648 exspectabunt,

95 3642 179 3714 largos
199 3658 287 3704 tutem
308 3649 409 3706 fruens
428 3651 517 3705 aridus
536 3659 564 3708 et
585 3668 703 3708 rumores
721 3657 889 3720 insperatum
915 3649 939 3705 si
967 3649 995 3704 iu
1013 3647 1107 3714 itunae,
1132 3646 1198 3700 talis

97 3717 196 3782 quidem
214 3732 268 3769 non
286 3717 414 3786 amplius,
439 3719 487 3776 scd
505 3720 640 3774 interitum
655 3719 796 3776 infantium
813 3729 841 3774 et
859 3719 975 3790 inopium
993 3717 1079 3772 victus
1098 3733 1200 3784 verque

97 3783 234 3852 trigidum,
258 3787 389 3842 fructuum
408 3797 495 3842 autem
510 3797 688 3846 testaceorum
703 3787 802 3857 largum
821 3785 994 3857 preventum
1010 3785 1034 3840 si
1051 3785 1078 3838 in
1093 3785 1201 3854 Martis,

97 3852 216 3933 incendia
233 3863 261 3912 et
279 3858 395 3924 morbos,
411 3858 467 3914 vini
480 3867 567 3916 autem
582 3865 610 3912 et
618 3857 679 3914 ‘aiei
697 3867 777 3926 stqne
794 3855 951 3924 leguminum
970 3853 1072 3926 copiam
1086 3863 1114 3909 et
1127 3853 1200 3910 sedi-

97 3927 193 3978 tionem
206 3925 377 3990 intestinam
395 3927 419 3981 si
433 3945 498 3980 uere
512 3928 540 3981 in
556 3927 692 3994 Mercurii,
705 3926 841 3981 interitum
854 3925 993 3980 infantium
1007 3933 1035 3980 et
1047 3927 1153 3980 morbos
1168 3940 1202 3980 ex

98 3995 196 4046 renuis
215 3995 303 4062 fluxu,
322 4003 350 4048 et
366 3997 468 4050 medias
490 3997 586 4053 aetatis
604 3995 757 4050 mulieribus
778 4003 888 4052 mortem
904 4002 933 4048 et
949 3995 1045 4050 famem
1059 4011 1201 4056 exsecran-

99 4060 155 4114 dam
173 4063 308 4118 uuaiverse.
343 4063 372 4118 in
386 4067 459 4124 Iouis
474 4065 542 4124 euim
558 4067 628 4121 diem
643 4063 821 4122 incidentibus
834 4063 1012 4119 Kalendarum
1026 4063 1101 4118 feriis
1116 4063 1204 4118 omnia

99 4129 184 4184 fausta
209 4141 366 4214 exspectare
384 4133 501 4202 licebat,
529 4134 648 4192 nivosum
668 4143 755 4190 autem
773 4142 802 4188 et
818 4133 932 4206 pluviam
952 4142 1153 4200 tempestatem,
1174 4139 1205 4186 nt

99 4215 183 4267 neque
196 4203 272 4256 fluvii
290 4203 345 4264 suis
362 4215 517 4260 arcerentur
535 4203 634 4266 sivein
653 4213 729 4258 sexto
744 4211 840 4270 autem,
859 4200 905 4271 qni
920 4201 1033 4256 Veneris
1052 4219 1111 4258 essu
1125 4209 1203 4271 puta-

99 4275 149 4336 ter,
167 4271 367 4339 magistratibus
386 4274 536 4340 tumultum,
555 4273 685 4329 fructibus
703 4281 790 4327 autem
807 4271 993 4326 incrementum
1013 4279 1041 4324 et
1058 4271 1099 4324 rei
1116 4269 1203 4344 publi-

101 4353 146 4392 cae
159 4339 231 4398 uelle
248 4342 341 4412 grevia
358 4343 547 4418 interitumque
564 4343 711 4414 homiuum,
725 4349 755 4398 et
768 4341 913 4417 praecipue
928 4339 1091 4414 int-ensuite,
1107 4355 1203 4413 esspe-
