3100 4958
329 374 430 423 xxxiv
614 351 727 422 nasu
752 351 809 419 DE
832 351 992 421 lOANNE
1016 351 1136 421 LYDO

329 558 382 616 illc
397 553 512 630 editae;
540 561 606 611 tum
621 573 676 632 per
696 553 798 633 ipsum
810 551 949 613 Italicum
968 551 1027 612 iter
1041 551 1181 632 vulgatae
1196 548 1235 612 de
1252 544 1355 611 charta
1369 568 1427 633 pa·

328 677 457 740 pyracea
471 655 569 716 Musei
582 656 724 734 Bongiani
740 651 827 715 docta
841 657 1068 732 commentatio,
1087 658 1202 715 Romae
1220 656 1320 730 1788,
1342 651 1374 729 4,
1397 663 1428 713 el

330 757 368 818 de
389 779 482 820 numo
502 758 611 837 Ulpiae
632 759 788 817 Pautaliae
810 755 850 816 ad
867 755 1056 838 Stephanum
1077 758 1220 837 Borgiam
1234 755 1427 816 cardinalem

328 861 473 941 epistola,
494 861 608 918 llomae
625 862 723 936 1789,
745 858 776 924 4.
819 855 891 918 hnic
903 861 1014 939 igitur,
1036 879 1106 920 cum
1119 869 1198 919 esset
1209 859 1340 934 Romae,
1362 857 1428 917 cla·

329 966 464 1024 rissimm
479 963 572 1021 abbas
585 961 705 1039 Marini,
726 961 874 1022 tabulario
888 962 1032 1023 Vaticano
1048 962 1227 1042 praefectus,
1247 961 1427 1020 monstrarit

327 1066 473 1125 maiorem
492 1067 579 1125 illam
599 1083 841 1148 anonymamque
863 1063 934 1123 libri
954 1061 991 1124 de
1013 1064 1168 1124 lllensibns
1188 1063 1358 1142 epitomen,
1390 1079 1428 1121 aa·

326 1167 451 1240 relictis,
472 1179 506 1227 ut
520 1165 653 1229 Schowii
666 1166 765 1226 verbis
777 1175 844 1225 utar
857 1165 985 1246 praelat.
1007 1163 1055 1226 ed.
1070 1186 1103 1247 p.
1118 1167 1155 1243 6,
1182 1165 1294 1224 Leonte
1309 1163 1429 1224 Alhtr's'

326 1269 440 1328 chortis
451 1269 641 1350 desorqrtom.
688 1287 748 1350 qua
764 1270 895 1350 perlecta
909 1267 1086 1345 Schowius,
1118 1269 1172 1350 qui
1191 1266 1339 1328 ineditam
1357 1267 1427 1326 ani-

325 1369 552 1448 madvertisset,
580 1374 645 1430 eins
667 1367 831 1431 editionem
844 1373 927 1433 illico
941 1369 1099 1448 meditari,
1129 1389 1257 1453 eamque
1272 1390 1342 1429 cum
1357 1367 1427 1430 cod.

325 1474 488 1532 Barbanna
505 1475 565 1538 177
581 1469 663 1552 (vid.
682 1491 772 1551 snpra
785 1494 816 1553 p.
832 1473 895 1556 xc)
909 1475 1059 1550 conferre,
1089 1475 1274 1554 alteramque
1289 1469 1426 1532 eiusdem

323 1575 395 1634 libri
409 1576 578 1654 epitomen,
608 1593 685 1656 quae
702 1575 868 1636 allaximo
880 1574 1016 1636 Planude
1037 1576 1117 1634 facta
1139 1573 1265 1651 dicitur,
1295 1595 1335 1634 ex
1355 1571 1425 1636 cod.

323 1677 462 1736 Palatino
481 1675 540 1742 145
555 1680 628 1736 item
642 1675 808 1738 describere
822 1679 880 1739 sibi
892 1681 1007 1759 coepit,
1035 1688 1068 1738 nt
1082 1679 1208 1758 exponit
1225 1677 1337 1758 ipsein
1357 1677 1426 1758 epi-

323 1780 401 1839 stola
414 1781 510 1838 Roma
524 1782 617 1839 Nonis
633 1780 721 1838 Maiis
735 1781 817 1844 1789
838 1780 878 1840 ad
893 1781 1066 1842 Harlesium
1085 1779 1172 1857 data3
1204 1798 1296 1861 quam
1309 1781 1425 1860 episto-

209 1895 238 1950 p.
255 1889 306 1932 cvr
323 1881 387 1939 lam
399 1883 554 1942 Harlesius
566 1885 598 1940 in
610 1883 690 1940 Bibl.
706 1883 759 1941 Gr.
774 1885 837 1942 vol.
850 1883 872 1948 4
887 1905 920 1965 p.
937 1885 999 1952 157
1017 1883 1154 1942 inseruit.
1197 1879 1306 1964 quodsi
1318 1893 1424 1962 postea

324 1980 482 2043 Schowins
506 2005 574 2043 cum
594 1985 647 2043 illo
670 1994 754 2044 tanto
778 1987 934 2063 acumine,
974 1986 1063 2067 quale
1087 1987 1119 2044 in
1140 2005 1254 2066 papyro
1272 1987 1424 2066 Borgiana

322 2071 470 2145 illustrata
487 2088 580 2166 inque
595 2081 746 2166 Hesychia
758 2089 879 2167 Lipsiae
893 2091 993 2163 1792,
1015 2091 1054 2164 8,
1076 2084 1235 2146 emendato
1250 2084 1422 2164 declaravit,

323 2207 428 2246 curam
443 2190 713 2268 cogitationemque
727 2189 861 2270 aliquam
877 2193 908 2248 in
921 2200 1046 2270 utraque
1066 2191 1197 2268 epitome
1210 2187 1423 2268 perpurganda

320 2289 490 2368 posuisset,
523 2291 705 2370 omninoque
735 2290 903 2351 studiorum
925 2303 1095 2352 nostrorum
1116 2293 1299 2370 perrexisset
1319 2302 1423 2350 tenere

322 2390 421 2465 mam,
450 2389 584 2468 prolecto
599 2395 798 2473 epitomarum
809 2393 930 2453 illarum
944 2391 1108 2453 editionem
1122 2393 1265 2453 conficere
1277 2395 1376 2474 potnit
1390 2403 1422 2454 et

322 2489 514 2550 emendatam
534 2496 687 2570 maxime,
722 2505 753 2554 et
773 2515 843 2555 oum
867 2495 961 2556 cuivis
980 2497 1163 2555 Graecarum
1180 2497 1335 2555 literarum
1354 2505 1420 2556 stn-

322 2593 424 2671 dicso,
453 2605 519 2654 tum
534 2589 674 2676 inprimis
693 2598 781 2656 nobis
804 2599 837 2654 in
851 2593 909 2655 hac
922 2617 1013 2678 opera
1028 2609 1129 2657 nostra
1146 2597 1324 2658 mirabiliter
1338 2598 1420 2680 (opi-

320 2691 391 2778 nor)
405 2697 603 2778 profuturam.
647 2695 703 2763 sed
717 2719 753 2760 ea
768 2700 869 2763 omnia
889 2696 1004 2780 (dicam
1026 2710 1060 2760 ut
1081 2721 1128 2761 res
1151 2699 1209 2782 est)
1225 2701 1316 2782 paulo
1333 2701 1420 2760 aliter

320 2799 502 2863 oecidenmt.

261 2918 305 2983 26
406 2907 528 2967 Etenim
540 2903 699 2969 Schowins
713 2920 746 2968 ut
759 2908 909 2967 Hantiam
924 2929 956 2967 sa
971 2909 1102 2984 rettulit,
1125 2927 1195 2965 cuna
1210 2905 1339 2966 eximias
1352 2903 1418 2964 eins

319 2986 444 3067 iinutes
457 3011 617 3089 populares
631 3013 865 3090 perspexissent,
887 3030 998 3090 magno
1011 3011 1078 3070 loco
1092 3011 1124 3068 in
1138 3027 1231 3090 regno
1249 3027 1325 3084 esse,
1345 3007 1418 3087 pln-

319 3109 463 3191 rimisque
491 3123 521 3171 et
542 3108 762 3172 honestissimis
783 3113 957 3171 muneribus
980 3114 1013 3169 in
1036 3133 1069 3171 se
1091 3113 1207 3172 collatis
1226 3113 1337 3191 scripta
1362 3127 1417 3169 sua

318 3213 486 3288 continere,
515 3233 651 3296 quaeque
671 3216 703 3271 in
721 3219 822 3274 ammo
836 3213 966 3274 habebat
980 3212 1018 3272 de
1032 3215 1210 3294 antiquitate
1227 3209 1416 3288 illustranda,

319 3331 356 3372 ea
376 3314 408 3370 in
425 3312 509 3373 alind
526 3325 647 3396 tempus
669 3313 789 3375 differre
811 3319 918 3397 coepit.
961 3326 992 3374 at
1007 3316 1129 3373 interim
1143 3315 1265 3394 Lipsiae
1284 3334 1326 3374 ex
1342 3335 1416 3396 apo-

316 3411 431 3495 grapho
447 3417 512 3476 eius
530 3419 562 3475 in
578 3419 700 3476 libraria
717 3415 916 3478 Weidrnanni
931 3438 1019 3478 cusas
1035 3419 1096 3474 iam
1108 3429 1171 3476 erat
1187 3428 1289 3478 textus
1302 3421 1415 3480 utrius·

316 3535 376 3598 que
389 3520 554 3598 epitomae,
584 3518 724 3579 adiuncto
744 3522 778 3579 in
797 3519 856 3578 fine
877 3522 972 3601 capite
991 3517 1029 3577 de
1043 3530 1138 3579 terrae
1153 3521 1300 3596 motibus,
1321 3523 1415 3584 corito

317 3615 375 3700 pls
390 3615 430 3682 ἄν
441 3645 486 3698 τις
499 3645 528 3686 κ.
541 3645 566 3685 τ.
579 3625 607 3685 l.
629 3619 712 3705 quod
735 3620 902 3682 secundum
925 3643 966 3683 ex
988 3632 1129 3704 quattuor
1147 3621 1324 3703 fragmentis
1344 3621 1414 3682 libri

318 3717 356 3780 da
372 3724 502 3783 Ostentis
518 3743 583 3784 esse
603 3745 635 3806 p.
647 3745 729 3785 xant
746 3723 966 3801 demonstravi,
993 3725 1158 3806 praelatio,
1179 3722 1414 3801 emendationes,

197 3847 226 3900 p.
240 3839 302 3885 nvn
316 3833 406 3882 notae
423 3846 463 3886 ex
476 3827 574 3886 Dania
591 3825 822 3888 summittendae
835 3847 953 3888 summe
969 3827 1230 3908 exspectabantur.
1251 3845 1327 3910 quas
1344 3845 1414 3886 cum

317 3921 428 3984 diutins
440 3931 551 3986 morari
564 3931 767 4010 intelligerent
782 3929 922 3990 librariae
936 3941 1159 4011 procuratores,
1189 3927 1229 3989 ad
1243 3939 1413 3989 extremum

317 4023 508 4105 desperantes
522 4027 560 4087 de
575 4029 732 4108 Schowio,
762 4041 928 4092 statuerunt
946 4043 981 4092 ut
994 4041 1096 4091 textus
1109 4033 1240 4092 Graecus
1259 4051 1329 4092 cnm
1341 4033 1412 4092 bra—

313 4128 400 4188 vibus
417 4131 548 4210 capitum
560 4137 742 4212 argumentis
757 4137 866 4195 Latine
883 4137 1017 4213 scriptis,
1051 4135 1149 4217 qualis
1169 4135 1232 4192 iam
1251 4144 1330 4195 esset
1349 4137 1411 4193 im-

312 4249 432 4308 pressus
448 4233 516 4291 talis
530 4229 683 4311 ederetur,
712 4239 776 4296 sine
793 4239 871 4298 notis
886 4238 973 4310 ullis,
993 4247 1110 4315 praeter
1123 4255 1233 4316 paucas
1249 4235 1288 4296 de
1303 4239 1412 4296 lectio-

313 4352 386 4392 num
407 4336 559 4394 varietate.
604 4334 724 4398 additur
744 4341 867 4419 insuper
889 4337 1000 4419 index;
1023 4343 1097 4400 item
1116 4341 1274 4420 praelatio.
1317 4337 1411 4402 editio
