3100 4958
511 343 860 418 cosummatus
1123 369 1239 422 mvn

128 555 249 609 memet
278 544 382 628 ipsum
410 542 463 608 hio
492 547 659 609 consistere
686 549 799 630 potitor
827 547 1021 629 praefationis
1049 549 1239 616 institutum:

128 649 273 732 quarosi
296 668 358 732 que
382 659 454 710 snut
472 661 627 731 praeteres
650 654 761 736 quibus
780 651 873 714 editio
887 649 1067 714 Sohowiana
1084 654 1240 716 emendari

130 755 246 834 possit,
275 753 355 814 sicut
366 763 452 831 sunt,
483 773 521 814 ea
535 753 721 818 commodius
734 757 768 816 in
781 757 861 818 notis
877 753 917 816 ad
925 757 1039 818 librum
1052 755 1090 816 de
1106 759 1239 820 Ostentis

131 849 378 936 menen).
702 847 713 874 ‘

218 955 283 1019 sed
298 958 403 1018 illuxit
413 953 536 1018 tandem
549 957 1150 1044 aliquandolaetiorlrydodiesa·1784,
1166 979 1236 1020 cum
1255 954 1298 1018 28

132 1061 224 1142 cpoli
238 1071 344 1140 ageret
355 1057 603 1124 christianissimi
623 1067 703 1142 regis
725 1063 765 1124 ed
781 1073 901 1144 portam
913 1061 1115 1124 Othomanam
1132 1064 1239 1143 splen-

134 1163 225 1225 didus
238 1166 376 1245 legatus,
398 1163 522 1226 Gabriel
535 1168 690 1246 Augustus
708 1164 746 1226 de
763 1164 1078 1242 choiseul-Goeller,
1097 1165 1239 1245 publica·

134 1286 202 1326 rum
216 1287 321 1328 rernm
336 1267 461 1326 scientia
475 1287 538 1328 nou
556 1272 658 1329 minus
674 1287 766 1350 quam
783 1271 879 1353 glorie
897 1271 1047 1330 maiorum
1063 1269 1178 1344 claros,
1209 1275 1240 1328 st

134 1371 168 1428 in
182 1380 345 1452 utrumqne
361 1367 549 1430 academiam
564 1373 619 1431 illo
632 1373 696 1431 ian'r
709 1382 844 1451 tempore
859 1381 1025 1452 cooptatm,
1045 1389 1115 1432 cnm
1125 1373 1158 1431 in
1169 1389 1240 1432 eam

136 1491 213 1552 quae
225 1472 462 1552 inscriptionum
472 1473 642 1552 vocabatur,
659 1471 869 1536 eruditissimis
881 1475 1121 1556 acutissimisque
1135 1471 1239 1535 homi-

134 1575 222 1633 nibus
247 1575 385 1632 maxime
408 1585 481 1635 tuuc
498 1577 669 1654 florentem,
704 1587 770 1638 turn
783 1577 816 1636 in
834 1578 976 1653 ultorem,
1003 1577 1087 1636 cuius
1105 1575 1239 1655 glorioso

133 1675 237 1736 labore
259 1686 292 1736 et
308 1678 492 1738 Francorum
511 1679 617 1740 literae
635 1679 847 1740 immortaliter
864 1679 1030 1739 illustratae
1046 1687 1117 1738 smrt
1136 1689 1167 1737 et
1186 1679 1239 1736 in-

133 1788 273 1858 corrupta
290 1789 337 1840 est
351 1782 498 1842 sermonis
515 1782 609 1842 nostri
624 1783 781 1864 integritas
796 1792 968 1844 constanter
983 1789 1167 1851 consor-reta.
1209 1780 1239 1840 is

132 1881 341 1941 nobilissimus
352 1883 414 1958 vir,
445 1883 620 1944 liberalium
637 1887 747 1946 artium
762 1885 922 1967 omnisque
935 1880 1133 1944 humanitatis
1146 1879 1239 1942 laude

134 1980 380 2060 commendatus,
408 2003 478 2044 cum
494 1987 527 2044 in
546 1988 644 2067 primo
656 1991 822 2050 inventutis
836 1987 910 2048 flore
923 1997 955 2048 et
965 1986 1171 2044 maximarum
1188 2003 1239 2042 re-

135 2104 196 2146 rum
209 2105 306 2146 cursu
320 2095 407 2161 esset,
428 2087 491 2146 iarn
503 2096 577 2147 tuno
587 2108 660 2168 prae
674 2088 827 2152 doctrinas
840 2086 941 2150 studio
956 2085 1080 2148 delicias
1093 2103 1239 2166 asperna-

138 2197 181 2248 tus
191 2189 357 2248 Graeciam
370 2190 498 2248 lustrare
510 2199 671 2268 statueret,
701 2203 733 2253 et
747 2195 941 2275 antiquorum
958 2188 1119 2251 hominum
1131 2205 1239 2248 manes

140 2309 172 2348 sc
180 2292 300 2371 species
313 2293 512 2371 interrogare,
539 2312 595 2373 per
608 2303 654 2354 tot
667 2293 805 2371 rubium,
832 2291 1080 2376 Athenarumqne
1091 2293 1238 2374 ipsanrrn,

133 2412 220 2452 cerea
234 2393 367 2474 vestigia
380 2396 495 2474 passim
509 2405 653 2478 anantes.
695 2415 756 2478 qua
770 2397 802 2456 in
815 2397 1056 2477 peregrinatione
1072 2414 1166 2478 quarn
1183 2407 1282 2464 crs-1²·
1299 2401 1361 2445 ῐιῑῐῑ

131 2497 246 2556 riosnm
259 2516 330 2556 sese
344 2495 517 2557 exhibuerit
529 2499 729 2578 politissimos
745 2500 901 2560 vetustatis
915 2497 1140 2578 indagatorem,
1166 2497 1238 2556 lite-

131 2608 213 2658 ratus
230 2595 326 2660 homo
341 2600 375 2658 iu
391 2602 512 2680 Europa
524 2619 616 2661 nemo
638 2611 684 2662 est
706 2602 760 2682 qui
780 2601 905 2665 nesciet.
947 2600 1146 2683 quemobrem
1160 2596 1238 2658 mihi

132 2697 260 2780 quidem
278 2697 388 2779 dignus
408 2703 543 2782 profecto
561 2699 681 2764 videtur
700 2703 795 2763 fluisse
810 2703 863 2784 qni
876 2720 939 2762 non
951 2700 1074 2784 Lydenn
1089 2710 1237 2777 nostrum,

131 2801 188 2863 sed
201 2803 373 2884 principem
386 2805 521 2886 aliquem
539 2823 580 2864 ex
594 2806 717 2866 Graecis
737 2805 948 2885 scriptoribus,
980 2806 1116 2864 maxime
1134 2813 1238 2862 autem

131 2925 150 2964 e
163 2907 276 2986 postis,
297 2908 351 2987 qui
366 2909 529 2987 perierunt,
552 2907 590 2966 ab
605 2907 711 2968 inieris
726 2908 888 2982 excitaret,
911 2905 1112 2968 Menandrum
1125 2903 1238 2966 videli-

130 3018 181 3068 cet
194 3017 226 3068 et
240 3005 450 3090 Sophrouem,
480 3011 531 3072 vel
543 3007 727 3090 Sophoclem
738 3019 790 3070 aut
804 3007 972 3070 Pindarum
985 3029 1026 3070 ex
1041 3007 1090 3070 his
1109 3023 1239 3090 quorsun

130 3113 245 3192 scripta
268 3129 332 3172 non
348 3131 456 3192 parurn
475 3113 563 3192 plura
585 3115 696 3174 amissa
720 3131 813 3195 quam
834 3122 1046 3174 retentarunt.
1089 3109 1130 3172 sd
1144 3127 1236 3192 quern

131 3217 217 3273 enim
232 3215 336 3294 potius
350 3212 500 3275 eiusmodi
513 3216 720 3276 inventionem
733 3216 883 3295 pertinere
900 3213 1052 3290 dieamus,
1084 3232 1177 3295 quam
1196 3205 1236 3272 sd

131 3337 205 3376 eom
224 3316 282 3398 qui
299 3337 361 3376 non
380 3319 491 3377 minori
507 3316 630 3378 dicendi
644 3317 770 3378 artificio
788 3336 881 3400 quarn
897 3315 1100 3398 cognoscendi
1117 3315 1236 3398 peritia,

133 3438 337 3501 quaecunque
359 3421 419 3480 sibi
433 3421 591 3480 Graeciam
610 3421 784 3502 peragranti
803 3429 1009 3496 occurrerant,
1041 3429 1105 3481 tum
1123 3413 1236 3478 vividis

133 3523 286 3583 coloribus
302 3525 461 3604 expressit,
484 3533 518 3584 ut
529 3543 634 3586 omnes
646 3524 849 3602 intelligerent
863 3518 942 3582 nihil
954 3539 1020 3582 esse
1032 3539 1095 3582 uon
1107 3517 1235 3582 oratorie

134 3633 255 3685 mntem
276 3625 343 3686 eins
359 3623 415 3688 sed
436 3629 555 3708 po'etica
580 3629 673 3688 etiem
697 3627 842 3690 facultate
868 3625 1079 3707 praestantius.
1131 3635 1237 3682 verum

202 3942 232 4015 ⁴)
247 3943 291 3999 De
303 3941 442 3999 Mensr'bus
457 3949 584 4016 excerpta
599 3949 662 4016 post
673 3944 824 4000 sehowlorn
834 3941 909 3998 cun.
922 3939 1073 3997 nouum
1085 3937 1238 4010 recognocit

139 4019 167 4066 ot
233 4016 398 4080 maionis,
414 4031 429 4068 e
443 4015 545 4070 Gracco
560 4016 590 4068 in
607 4015 734 4072 botimsor
749 4014 877 4070 conuertit
893 4018 920 4068 et
934 4018 1063 4082 perpetuo
1078 4027 1135 4064 cros
1150 4026 1200 4064 ruo
1210 4013 1237 4060 et

138 4031 253 4138 &mii
268 4091 325 4138 sum
340 4083 419 4137 Harii
435 4091 463 4139 et
480 4083 603 4138 ames
625 4085 784 4154 otiorrmpne
805 4081 978 4137 decissione
999 4077 1137 4144 immsit,
1163 4077 1236 4130 iodi-

138 4168 241 4224 mpus
259 4171 274 4206 e
312 4153 320 4168 '
387 4155 393 4167 '
481 4155 588 4220 odiosis,
606 4149 1085 4225 LipsiseetDarmstadii,s.1827.
1103 4145 1196 4202 codiee
1210 4145 1235 4197 is

138 4237 199 4276 usus
217 4231 262 4278 est
301 4221 401 4276 arisirn
417 4221 500 4291 8084,
523 4221 646 4278 adiutore
660 4221 805 4279 Laurentio
821 4219 946 4289 Nollio,
964 4217 1009 4290 qni
1027 4220 1121 4273 notter
1136 4215 1238 4270 mese-

133 4292 229 4419 ιᾳιαίϊ
251 4292 405 4366 arguens
427 4293 497 4346 locos
518 4291 725 4365 immissae
743 4293 845 4366 portior
866 4289 1015 4350 munais
1028 4287 1131 4360 purtim
1146 4284 1238 4356 espin-
