3038 4950
310 352 384 424 386
590 348 702 418 lusu
725 345 1128 416 tumtuvuustouus

396 537 427 596 p·
447 517 508 580 116
525 535 554 574 v.
573 518 600 578 l.
644 516 706 577 τῶν
722 515 908 576 Φοινικικοῖν
924 517 983 577 τοῦ
997 511 1154 598 Ἑρεννίου
1171 512 1326 592 dilianae]
1348 514 1406 574 lie·

312 607 410 664 rennii
425 600 579 676 Philonis,
600 599 702 679 Byblii
719 601 922 678 grammatici,
945 601 997 679 qui
1012 602 1179 678 imperante
1192 601 1364 656 Domitiano
1375 619 1408 656 ao

314 687 455 766 deinceps
478 687 706 767 quamplurimis
726 686 844 762 scriptis
865 686 1006 742 isrolaruit
1027 681 1111 765 (rid.
1131 683 1283 743 Eudooiae
1301 685 1408 742 Violar.

315 773 365 832 ed.
382 773 500 834 Villoi's·
516 770 580 832 424
592 768 654 850 0),
679 770 867 828 celebrantur
886 771 1045 848 praecipue
1064 771 1134 827 libri
1153 788 1264 828 norem
1281 771 1410 830 Φοινικι-

313 863 393 935 xciv,
421 876 497 937 quos
524 875 566 913 ex
595 852 859 914 Sanohoniathoue
887 857 1112 934 interpretatum
1136 874 1169 915 se
1194 873 1260 914 esse
1290 853 1410 912 ferebat.

314 943 404 1004 huius
418 940 561 1002 historiae
575 937 762 998 Phoenicum
778 940 943 1017 fragmenta
959 942 1112 1000 luculenta
1124 941 1254 1000 servavit
1268 939 1410 998 Eusebius

315 1032 487 1108 Praeparat.
502 1043 608 1104 evang.
622 1024 703 1087 301)
719 1035 749 1083 et
762 1045 829 1104 sqq.

400 1111 441 1171 ib.
464 1131 494 1169 r.
513 1113 545 1174 5.
583 1105 748 1190 Ἰσὶγονος]
777 1109 827 1172 bic
847 1105 965 1170 ridetur
987 1129 1052 1170 esse
1074 1107 1213 1190 isigonus
1233 1107 1409 1184 Nicaeense,

316 1205 499 1256 memoratus
514 1197 551 1252 ab
564 1197 603 1253 A.
617 1197 715 1252 Gellio
731 1198 751 1258 9
774 1194 891 1256 ⁴linter
914 1197 1073 1274 scriptores
1092 1192 1174 1252 band
1188 1213 1299 1273 parrae
1313 1205 1410 1250 aucto-

318 1285 429 1356 ritatis,
451 1299 580 1362 quorum
593 1281 663 1338 libri
676 1281 758 1360 pleni
771 1291 840 1339 suut
853 1299 951 1338 rerum
962 1279 1193 1340 incredibilium.
1237 1281 1351 1356 Isigoni
1360 1297 1413 1336 no-

318 1387 388 1426 rnen
403 1385 465 1425 nou
479 1367 631 1424 iuvenitur
643 1367 674 1423 in
687 1362 790 1423 Iudice
804 1367 937 1444 generali
950 1368 1128 1446 scriptorum
1140 1361 1348 1423 Bibliothecae
1360 1363 1415 1420 ua-

318 1453 479 1511 bricianae.
522 1452 587 1510 eius
613 1451 727 1510 librum
753 1449 919 1510 secuudum
939 1444 1083 1513 ’Aetam
1107 1452 1170 1509 sire
1193 1446 1416 1508 incredibilium

295 1541 299 1550 '
319 1533 436 1594 laudari
450 1531 538 1594 video
551 1554 567 1593 a
582 1536 733 1610 satione,¹
745 1538 828 1594 ouius
840 1536 1050 1595 commentatio
1063 1533 1101 1594 de
1115 1535 1212 1594 fluriis
1226 1533 1417 1614 fontibusque

318 1621 507 1684 mirabilibus
528 1640 584 1700 per
604 1623 756 1701 epitomen
779 1639 850 1680 cusa
872 1629 972 1680 exstat
993 1619 1034 1679 ad
1054 1621 1168 1680 calcem
1188 1619 1362 1680 Aristotelis
1383 1616 1417 1676 de

319 1707 426 1768 mirab.
441 1708 567 1766 auscult.
583 1703 631 1765 ed.
647 1707 791 1786 Sylburg.
807 1706 826 1771 5
851 1709 911 1770 123
927 1707 981 1764 liu.
995 1711 1048 1772 22.

403 1789 446 1848 ib.
463 1811 492 1850 v.
509 1793 560 1854 10.
603 1785 1419 1874 611*]nummodee0203?qucdmtrtficemngmt
1476 1785 1482 1799 '

320 1895 390 1935 cum
403 1877 503 1935 areola
518 1893 628 1934 vacuat
652 1877 684 1934 in
701 1887 822 1936 textum
835 1887 937 1934 tamen
951 1879 1083 1956 racipere
1097 1895 1158 1936 nou
1173 1893 1361 1934 sumamus.

405 1959 447 2019 ib.
462 1981 492 2020 r.
507 1962 557 2023 11.
598 1957 742 2042 τιμῶς’]
765 1962 868 2022 subest
889 1963 998 2022 rocula
1023 1963 1115 2020 trium
1133 1962 1308 2034 literanum,
1331 1979 1417 2041 quaro

254 2119 256 2122 Ι
319 2045 460 2126 supplere
481 2065 541 2104 non
566 2042 673 2105 audeo.
717 2065 757 2104 au
782 2046 857 2110 eal?
887 2048 1080 2127 sequeutimn
1103 2047 1343 2120 resurectionem,
1372 2041 1416 2106 sul

318 2127 413 2214 ταύτῃ
440 2127 497 2210 μὲν
521 2169 570 2188 ....
595 2125 841 2209 παραδεδόσθαι,
872 2135 954 2192 varie
984 2133 1115 2204 tentari,
1144 2141 1175 2190 et
1199 2151 1282 2188 nunc
1303 2149 1419 2210 quoque

319 2233 426 2298 vereor
440 2225 475 2274 ut
490 2215 596 2274 lectori
611 2217 755 2295 probem,
776 2219 953 2296 praesertim
967 2219 993 2276 si
1007 2218 1040 2276 in
1054 2211 1149 2300 ταύτῃ
1164 2235 1227 2276 non
1245 2227 1292 2276 est
1310 2217 1424 2277 soribm

320 2319 413 2358 error.

406 2382 447 2442 ib.
465 2402 495 2441 v.
513 2385 564 2448 17.
607 2405 640 2466 ys
661 2387 700 2470 τῇ
721 2379 844 2470 κρόκῃ]
867 2387 899 2444 in
915 2385 944 2445 -0
962 2395 1007 2445 cst
1028 2405 1126 2467 ysne,
1148 2381 1207 2443 boc
1227 2393 1273 2444 est
1294 2407 1328 2468 ys
1352 2383 1424 2468 [κῇ]

319 2462 439 2570 ancien,
469 2465 619 2569 siquidem
642 2470 674 2556 iu
699 2489 763 2529 mss
786 2472 873 2530 litera
893 2478 914 2533 ᾶ
935 2467 1027 2530 modo
1050 2471 1130 2528 valet
1152 2467 1213 2550 tet,
1235 2473 1310 2554 pipi,
1333 2469 1425 2528 ruodo

319 2556 1426 2712 ttttttttt't.tltt'ltztlttttltltttttthttt't.

321 2741 368 2781 res
384 2734 607 2782 emanaverunt.
651 2727 694 2783 sic
710 2723 791 2804 apud
808 2725 970 2784 &minum
987 2727 1154 2784 lllemeutis
1170 2737 1333 2785 astronom.
1352 2730 1374 2790 2
1390 2723 1424 2796 lt,

321 2807 355 2872 bv
375 2812 467 2888 κριοῦ
490 2813 546 2892 μιᾷ
567 2808 673 2895 μοίρᾳ,
695 2811 768 2888 lege
789 2810 822 2874 ἐν
842 2833 873 2874 κ.
894 2806 999 2896 mpsim
1024 2813 1131 2896 μοίρᾳ,
1151 2821 1182 2868 et
1200 2811 1292 2890 paulo
1309 2821 1379 2889 post
1395 2809 1426 2871 ir

320 2893 469 2974 καρκίνον
492 2898 548 2977 μιᾷ
564 2895 659 2980 'pcipe
681 2914 776 2976 aequa
803 2890 924 2982 npoirp:
945 2900 1019 2955 item
1041 2893 1123 2976 apud
1140 2897 1217 2964 alios
1231 2915 1355 2977 quoqne
1369 2915 1425 2952 uon

322 2997 383 3036 uno
402 2979 481 3038 loco.
524 2982 637 3036 etenim
651 2989 719 3037 'tarn
736 2984 867 3060 prompti
882 2991 951 3042 snut
968 2983 1071 3061 lapsus
1083 2984 1115 3039 in
1129 2982 1224 3040 literis
1238 2981 1425 3039 numeralem

323 3062 571 3140 significationem
591 3061 787 3140 habentibus,
816 3069 924 3124 utrix
944 3085 1036 3128 uuam
1059 3067 1197 3126 evolvere
1218 3069 1318 3146 possis
1337 3065 1421 3146 paulo

324 3149 521 3226 copiosiorem
534 3151 762 3227 inscriptionum
776 3153 957 3210 Graecumue
968 3153 1105 3233 syllogeu
1128 3151 1336 3232 (antiquiores
1350 3150 1421 3220 dico,

323 3250 401 3312 quae
415 3233 535 3291 saeculo
549 3237 701 3311 superiore
717 3247 827 3295 etanta
841 3239 1016 3316 exierunt),
1040 3239 1113 3318 quin
1125 3240 1281 3316 partimin
1294 3255 1331 3294 ea
1343 3245 1422 3315 parte

323 3315 427 3376 videas
449 3336 514 3376 esse
537 3318 754 3384 suboffansrun.
797 3323 1008 3401 remigranti,
1030 3324 1062 3382 in
1075 3342 1137 3382 urm
1152 3325 1194 3382 Μ.
1208 3324 1342 3380 Antonio
1355 3319 1426 3377 Bol-

325 3400 416 3475 detti,
443 3403 577 3461 Cimiters'
595 3403 641 3461 de'
668 3406 759 3464 Santi
779 3408 906 3465 Mortris'
924 3408 958 3466 dt
978 3405 1080 3466 Romu
1100 3408 1215 3488 (Roma
1233 3411 1324 3482 1720,
1341 3406 1393 3464 lul.
1402 3413 1425 3479 1,

323 3490 356 3545 in
370 3489 458 3546 titulo
471 3487 543 3564 illo,
563 3488 625 3552 365
640 3491 677 3562 A,
1347 3515 1355 3536 ν

620 3573 871 3638 ΟΕΡΗΝΙΑΛΑ
901 3577 1139 3640 ΠΑΡΘΕΝΟΟ

547 3659 720 3721 ZHCAGA
747 3661 1211 3724 ENIAYTONKAIMINAOI
1325 3673 1332 3694 ⁸

218 3805 234 3830 ·
324 3741 392 3821 quis
406 3757 466 3798 nou
480 3739 563 3801 ridet
577 3743 852 3824 interpretandum:
876 3749 1080 3805 viritatem
1097 3767 1193 3805 aarum
1207 3757 1239 3804 et
1249 3765 1359 3804 mmm
1369 3743 1421 3800 da-

324 3845 407 3895 cem,
428 3843 506 3900 nou,
529 3839 563 3886 ut
588 3827 678 3888 habet
700 3825 849 3904 Boldetti,
873 3853 1002 3890 murem
1020 3829 1149 3890 mrum?
1168 3842 1221 3890 aut
1243 3831 1304 3894 392
1329 3832 1366 3902 G,
1389 3831 1418 3884 in

325 3921 520 3970 monumento
537 3915 605 3972 iulii
620 3912 792 3991 Theodori,
814 3918 876 3976 lilio
894 3917 1068 3978 dtdoissitno
1082 3937 1100 3974 a
1113 3917 1286 3996 parentibus
1303 3923 1417 3982 statuto,

326 3994 418 4071 haec,
449 3999 772 4064 EZHCENETEIZ.
797 4006 870 4066 ΜΖ.
893 4021 953 4062 uon
978 4005 1094 4078 valent,
1123 4011 1157 4061 ut
1178 4005 1267 4061 vertit
1284 3997 1415 4066 tloldetti¹

325 4083 403 4230 pingit
421 4099 517 4141 annos
540 4083 597 4161 47,
619 4085 674 4145 sed
695 4089 770 4144 ntea
789 4107 863 4146 anre.
889 4091 928 4152 17
951 4087 1021 4166 [aut
1042 4091 1097 4168 71,
1120 4107 1233 4148 metues
1253 4091 1282 4152 7.
1324 4099 1414 4168 pom,

347 4171 368 4230 0
403 4169 440 4243 ll,

670 4257 884 4318 ΑΝΤΙΟΧΙΣ
910 4211 1093 4322 nunaunt

677 4343 903 4404 ΕΝΙΑΊἼὈΝ
930 4345 993 4406 ΜΖ
1022 4347 1080 4406 ΗΔ
