3100 4958
337 346 454 420 nasu
477 347 536 416 DE
561 347 770 418 OSTENTIS
795 347 1042 421 PRAEFATIO.
1210 369 1247 419 nr

138 545 199 612 irae
211 549 360 631 religione
373 517 549 611 obstrictum
560 569 610 610 me
621 550 820 631 putavissem,
841 551 901 611 nisi
914 551 1026 612 exisset
1039 548 1169 633 denique
1182 551 1248 632 pri·

137 689 227 730 mum
247 671 392 731 volumen
412 671 596 731 collectionis
619 689 714 730 novae
735 672 934 751 Byzantinae.
975 689 1074 747 nunc,
1104 673 1248 751 qnoniam
1370 663 1374 670 ’

138 791 297 872 profligata
319 795 383 850 iam
405 792 516 851 Leonis
537 791 663 850 Diaconi
683 800 713 850 et
732 811 854 871 prorsus
869 788 909 849 ad
923 791 1039 850 exitum
1055 787 1183 849 deducta
1201 799 1247 852 est

137 913 298 992 impressio
321 910 429 994 (detur
440 913 529 972 venia
540 910 632 971 verbo
643 907 759 990 noro),
782 931 839 970 neo
855 909 986 970 multum
999 909 1084 972 abest
1098 911 1173 992 quin
1183 912 1247 970 Mi·

138 1029 255 1094 chaelis
281 1033 375 1092 Pselli
398 1051 493 1114 aeque
511 1032 698 1108 absolvatur,
721 1033 868 1112 pusillum
880 1031 1048 1090 laxamenti
1060 1041 1164 1092 nactus
1178 1030 1246 1091 edi-
1263 1057 1293 1114 p.
1311 1055 1336 1096 ιι

137 1153 254 1213 tionem
278 1153 349 1212 libri
369 1153 501 1234 Lydisni
523 1153 609 1212 uolui
631 1155 762 1233 amplius
784 1151 920 1228 differre,
941 1170 981 1211 na
1003 1151 1056 1234 (ut
1071 1153 1172 1212 labilis
1186 1153 1246 1212 flu·

135 1288 257 1358 xusque
271 1283 317 1338 est
330 1293 430 1332 rerum
443 1271 645 1333 humanarum
659 1269 774 1353 status)
797 1270 944 1332 accideret
958 1268 1074 1354 aliquid
1087 1271 1246 1356 quadram

136 1397 262 1454 omnino
274 1395 502 1471 interturbaret,
523 1405 615 1478 utque
630 1395 817 1476 antiquitatis
832 1395 986 1453 Romanae
1001 1392 1127 1454 studiosi
1139 1396 1246 1475 cogni-

136 1513 219 1573 tione
235 1511 412 1594 disciplinae
427 1517 590 1595 auguralis,
614 1516 877 1598 quantulacunque
891 1511 1016 1572 tandem
1028 1531 1068 1572 ex
1080 1511 1167 1595 Lydo
1182 1515 1246 1594 peti

134 1635 249 1710 possit,
271 1651 311 1692 ne
328 1633 548 1696 fraudarentur.
591 1655 648 1694 nec
665 1643 768 1693 temen
788 1635 907 1709 minus,
930 1631 1036 1694 affecto
1052 1631 1176 1716 quidem
1190 1631 1246 1694 sed

134 1767 196 1810 nou
212 1745 349 1811 coniecto
365 1753 507 1816 mandato
521 1757 681 1838 prioreque
695 1755 834 1834 negotio,
855 1753 1059 1814 verecundum
1073 1754 1178 1833 putavi
1194 1771 1246 1812 re·

134 1891 206 1931 oeus
234 1885 409 1954 susceptum
430 1877 556 1936 strictim
577 1877 754 1955 transigere.
796 1873 900 1953 itaque
923 1873 1079 1952 exemplar
1096 1875 1246 1932 Graecum

135 2011 204 2050 cum
218 1993 285 2052 sola
299 1995 544 2076 interpretatione
562 1999 687 2073 Latina,
713 2015 790 2078 qnae
805 1993 1013 2052 commentarii
1026 1993 1164 2072 perpetui
1175 1991 1244 2051 looo

135 2122 229 2189 esset,
252 2115 285 2171 in
304 2111 361 2175 has
378 2117 514 2197 pagellas
536 2117 665 2177 conieci:
688 2115 725 2174 ab
744 2113 946 2194 explicatione
960 2131 1061 2172 rerum
1078 2131 1128 2170 me
1146 2111 1244 2168 conti-

135 2235 198 2292 nui.
243 2245 314 2294 sunt
327 2254 399 2295 sane
416 2240 608 2320 quaestiones
623 2235 775 2310 infinitae,
798 2233 837 2294 ad
858 2235 1019 2316 religiones
1036 2231 1141 2292 ltaliae
1159 2239 1246 2289 vete-

136 2354 175 2412 ris
196 2373 361 2436 renumque
385 2353 557 2416 divinarum
582 2358 774 2438 antiquitates
795 2356 999 2434 pertinentes,
1019 2352 1056 2413 de
1080 2351 1189 2435 quibus
1210 2350 1246 2410 iu

136 2475 298 2554 scriptione
321 2473 428 2539 latiore
448 2487 539 2561 atque
561 2478 709 2537 amatiore
724 2473 785 2534 dici
796 2476 900 2554 possit.
944 2472 999 2536 sed
1016 2471 1125 2532 harum
1143 2489 1246 2531 rerum

137 2597 255 2654 tametsi
280 2614 337 2674 ego
359 2613 480 2678 quoque
502 2597 589 2678 quasi
604 2597 713 2656 silvam
728 2599 933 2678 collegissem,
954 2615 1012 2655 nec
1027 2597 1128 2654 minus
1143 2609 1246 2653 reram

137 2711 342 2772 Romanarum
369 2715 470 2775 studio
500 2735 592 2798 quam
622 2717 804 2776 Graecarum
830 2716 975 2791 oblecter,
1006 2723 1109 2773 tamen
1133 2712 1245 2794 partim

137 2835 348 2912 quaestionum
360 2845 395 2893 ut
410 2836 523 2896 alienas
538 2835 575 2894 ab
591 2836 760 2895 auctoribus
777 2835 969 2916 Byzantinis,
994 2834 1131 2915 aquibus
1146 2829 1247 2891 disoe-

136 2949 205 3010 dere
228 2951 352 3030 longius
373 2955 438 3012 sine
456 2955 674 3015 inconstantiae
695 2957 865 3036 suspicione
889 2955 974 3015 nullo
997 2951 1089 3012 modo
1106 2969 1243 3032 possum,

134 3067 309 3131 hominibus
332 3071 550 3132 excellentibus
569 3073 602 3133 in
621 3072 680 3135 hoc
700 3095 828 3156 genere,
851 3075 1012 3137 subtilibus
1030 3083 1060 3133 et
1076 3073 1169 3132 acutis
1181 3089 1245 3131 non

132 3193 235 3251 minus
257 3209 351 3272 quam
370 3190 591 3255 abundantibus
614 3193 796 3273 eruditione,
819 3196 928 3278 quibus
949 3205 1031 3254 aetas
1045 3202 1147 3252 nostra
1163 3199 1244 3250 recte
1260 3209 1289 3266 p.
1307 3207 1343 3249 m

133 3309 296 3390 gloriatur,
318 3309 489 3396 tractandas
502 3315 629 3396 reliqui:
654 3314 692 3374 de
705 3315 852 3396 capitibus
868 3318 934 3376 aliis
947 3316 1074 3374 fortasse
1089 3313 1148 3371 alio
1163 3322 1245 3370 tem-

131 3449 204 3508 pore
225 3431 374 3510 singulari
395 3435 506 3512 scripto
524 3434 629 3514 lingua
644 3437 805 3496 vernacula
820 3439 886 3517 ipse
903 3453 1002 3515 agam.
1046 3428 1244 3510 inpraesenti

132 3552 268 3630 primum
290 3548 328 3610 de
347 3553 430 3611 fonte
448 3553 585 3612 instituto
611 3553 754 3616 subsidiis
780 3555 920 3615 editionis
943 3549 1050 3625 huius,
1073 3544 1183 3607 deinde
1202 3544 1242 3604 de

131 3671 379 3752 interpretatione
400 3675 523 3749 Latino,
545 3683 612 3732 tum
631 3671 669 3734 da
691 3672 838 3735 mirandis
855 3668 1036 3755 quibusdam
1053 3676 1105 3727 ant
1121 3683 1242 3726 merno-

134 3791 279 3852 rabilibus
290 3793 323 3851 iu
333 3790 392 3854 hoc
404 3793 508 3854 libello
520 3789 611 3874 Lydi,
634 3790 765 3874 denique
782 3793 819 3853 de
833 3793 1002 3871 fragmento
1013 3786 1084 3846 libri
1095 3785 1141 3844 Da
1151 3803 1243 3844 men-

133 3913 233 3991 sibus,
256 3910 342 3996 quod
360 3933 422 3973 uua
439 3911 558 3995 prodit,
580 3919 732 3991 postremo
750 3909 788 3970 de
804 3920 945 3970 notarum
960 3924 1098 3967 mearum
1115 3909 1241 3982 ratione,

133 4037 242 4113 partite
258 4035 444 4117 strictimque
459 4032 569 4095 dicam.

218 4153 340 4216 Codicis
359 4155 510 4215 caseolini
528 4173 606 4237 quae
620 4153 660 4213 sit
675 4152 759 4232 origo
774 4158 856 4210 aetas
871 4145 1022 4226 condicio,
1044 4147 1154 4229 quique
1167 4145 1237 4204 iue-
1257 4141 1281 4204 2

63 4363 66 4368 Ι
133 4269 193 4335 rint
213 4291 318 4354 carust,
340 4276 469 4358 exposui
490 4276 523 4335 in
545 4271 772 4354 Prolegomenis
790 4270 861 4332 libri
877 4271 924 4331 De
937 4264 1160 4350 magistratibus
1176 4265 1240 4325 lto·
