3100 4958
567 268 816 364 omnimo,
1197 318 1243 368 nv

20 473 21 496 ¹
136 485 294 570 explenda
303 525 366 568 m,
387 484 517 552 arduum
531 509 621 578 saepe
638 487 720 554 dioiu
736 503 838 556 uirum
853 497 934 558 ΚΑΙ
940 492 1109 577 legendum
1119 495 1169 576 sit,
1190 517 1242 577 sn,

19 659 20 694 ἶ
132 608 224 694 quod
247 611 381 692 spatium
402 629 465 672 uon
488 611 587 675 maius
609 624 750 700 occupat,
771 614 868 692 suti,
888 609 948 679 boo
971 627 1032 697 est,
1052 617 1083 704 ’b
1105 617 1182 700 (per
1195 621 1240 681 si-
1254 638 1332 700 pam

19 749 20 770 ³
135 728 246 815 gimo)
267 731 311 798 lo.
354 731 398 794 sia
411 732 537 794 oenties·

215 851 430 932 Quapropter,
448 849 594 935 quonism
611 849 646 912 in
663 861 856 932 argumento,
878 851 1069 936 quodtotnm
1084 854 1237 917 oonieotu-
1257 861 1279 930 6

136 967 201 1028 tale
222 978 285 1048 esi,
306 971 361 1030 alii
382 972 471 1035 aliter
494 982 586 1055 atque
610 991 667 1052 ego
689 974 801 1033 sentire
822 983 965 1052 possunt,
986 977 1162 1056 praesertim
1184 975 1239 1036 ubl

136 1089 360 1169 propemodum
381 1087 538 1172 desperata
555 1101 641 1152 erant
660 1090 751 1168 lolia,
770 1109 876 1152 eorum
892 1093 987 1152 instar
1001 1095 1034 1152 in
1048 1102 1132 1174 parte
1146 1111 1240 1174 supe·

136 1209 213 1269 u'ore
229 1212 411 1292 paginarum
427 1208 519 1274 buius
532 1209 672 1274 editionis
687 1213 808 1293 saepius
825 1209 1039 1272 excudendum
1050 1213 1166 1289 ouravi,
1187 1231 1239 1272 se·

135 1338 224 1388 nitus
241 1333 418 1412 exemplum
432 1333 491 1393 viri
506 1332 618 1394 summi
632 1330 758 1392 Gustavi
772 1331 928 1410 lingonis,
949 1334 1081 1391 lotorum
1096 1331 1240 1390 nomina-

134 1447 265 1525 tissimi,
286 1449 320 1508 in
343 1451 513 1532 fragmento
535 1450 662 1512 Domitii
680 1451 804 1528 Ulpiani
818 1452 878 1510 iur.
891 1451 973 1510 civil.
988 1450 1238 1510 anteiustiuianeo

132 1569 207 1646 n1,
227 1569 380 1646 nemun,
406 1569 501 1646 1815,
524 1574 560 1647 s,
581 1591 613 1652 p.
627 1567 786 1646 5-101;
807 1571 926 1632 ominus
942 1555 1067 1652 quaem
1083 1569 1238 1648 spiritibus

133 1704 169 1746 ao
183 1679 307 1766 risose,
330 1689 384 1770 qui
396 1688 576 1771 plerumque
588 1692 621 1750 in
637 1687 704 1751 aod.
718 1697 832 1748 temere
850 1698 921 1748 sunt
935 1689 1042 1771 positi,
1063 1687 1119 1748 sed
1134 1708 1239 1750 serva-
1372 1736 1381 1748 .

133 1807 171 1868 tis
188 1807 369 1870 lamnarum
386 1803 521 1868 hiatibus
540 1807 756 1890 literarumque
775 1805 972 1868 evanidamm
990 1810 1127 1867 omnium
1140 1810 1237 1868 inter-

133 1926 232 1986 vellie·
275 1928 336 2004 ita,
360 1928 457 1988 sionbi
471 1930 504 1988 in
518 1928 664 1988 electione
681 1925 840 1988 verborum
852 1935 905 1986 aut
919 1927 1139 1987 construetione
1153 1947 1238 1988 erre·

133 2048 246 2124 verim,
269 2044 352 2130 quod
365 2049 457 2110 nimis
474 2048 577 2110 orebro
590 2047 717 2108 arbitror
728 2043 873 2113 aooidIses
894 2045 987 2128 (nam
998 2046 1153 2126 negotium
1167 2066 1237 2106 ma-

134 2184 227 2245 guum
251 2176 299 2226 est
319 2169 460 2248 supplere
481 2169 556 2230 folia
580 2165 746 2244 eiusmodi3
767 2185 825 2228 neo
843 2168 1008 2250 quiequam
1020 2167 1104 2227 veuit
1117 2167 1238 2250 saepius

136 2304 187 2346 uen
201 2305 299 2368 quem
311 2289 484 2366 perlucente
497 2307 655 2371 perperam
669 2288 764 2368 apiae,
785 2285 836 2348 vel
848 2289 939 2348 unioa
954 2288 1042 2347 litera
1055 2286 1136 2346 male
1146 2287 1238 2365 leota,

131 2401 365 2484 inpudendum
387 2406 468 2468 trebi
492 2407 663 2488 errorem),
695 2409 902 2490 uuusquisque
928 2405 1139 2487 supplementa
1156 2427 1237 2484 mea,

131 2523 245 2606 ubique
259 2524 322 2584 lere
334 2527 368 2586 in
382 2539 470 2590 textu
485 2528 605 2590 nnoiuis
627 2523 638 2606 [
657 2525 671 2608 ]
691 2525 839 2603 indicata,
860 2524 902 2585 ad
921 2524 1067 2587 iudicium
1082 2531 1239 2608 proprium

131 2648 240 2726 poterit
253 2663 405 2708 revocare.
449 2649 577 2708 altorum
591 2649 682 2706 etiam
696 2647 850 2729 proposita
866 2642 927 2706 hao
943 2645 1043 2727 effigie
1059 2659 1238 2710 eoueeoutns

131 2785 209 2843 snm,
228 2775 265 2826 ot
277 2784 400 2828 necesse
414 2786 476 2828 unu
490 2777 568 2828 esset
579 2765 692 2828 menda
704 2787 745 2826 ex
756 2767 902 2828 librarioli
914 2763 1043 2826 ruditate
1054 2777 1136 2846 nata,
1157 2785 1235 2851 quae
1248 2787 1277 2842 p.
1294 2785 1315 2826 x

130 2887 291 2946 innumera
307 2896 379 2947 aaut
393 2906 430 2962 eo
443 2887 475 2945 in
491 2885 609 2964 ondins,
634 2886 674 2948 ad
691 2907 776 2950 orem
790 2885 932 2948 editionis
943 2885 1014 2948 iuve
1027 2890 1107 2948 notis
1121 2885 1236 2969 ubique

129 3023 326 3087 persensere3
348 3024 544 3088 possemque,
564 3003 683 3066 mendis
703 3006 778 3086 ipsis
801 3025 893 3089 snpra
912 3017 981 3066 aute
998 3009 1102 3069 nudos
1117 3007 1236 3088 positis,

129 3127 234 3188 subter
245 3129 280 3186 iu
293 3135 382 3186 textu
392 3127 570 3206 transoripto
587 3126 731 3187 lectiones
751 3146 802 3187 eas
821 3128 911 3185 taoite
932 3124 1104 3186 emendare·
1144 3126 1188 3184 ita
1200 3145 1235 3206 p.

128 3250 189 3313 288
205 3250 250 3312 28
270 3268 403 3329 aoepysuc
414 3245 471 3306 tot.
484 3248 504 3311 6
519 3256 598 3304 rento
608 3247 663 3328 liu.
679 3246 731 3323 tt,
752 3243 868 3328 {isseras
880 3248 935 3306 lin.
951 3250 1001 3311 12.
1017 3276 1057 3290 ·-·
1075 3263 1106 3324 p·
1113 3246 1173 3309 291
1193 3246 1234 3308 16

128 3368 181 3428 lol.
194 3371 216 3432 7
229 3377 309 3428 reato
325 3367 380 3426 tin.
395 3367 415 3429 9
429 3389 557 3448 μαντιαν
570 3377 601 3426 et
615 3373 854 3448 απενθηνουσ···
868 3399 914 3416 -·
927 3367 1073 3446 δαψιλιαν
1089 3383 1121 3443 p·
1131 3359 1195 3426 293
1212 3360 1232 3422 l

129 3485 181 3546 fol.
197 3488 219 3551 7
233 3505 319 3545 vereo
334 3485 389 3544 liu.
402 3483 439 3564 4,
462 3489 663 3550 moritonio
675 3484 751 3544 ibid.
764 3487 820 3546 lin.
832 3492 864 3551 7.
884 3496 977 3569 utque
993 3482 1141 3562 exemplis
1151 3495 1234 3538 nou-

129 3605 221 3666 unllis
233 3613 304 3664 utar
318 3623 359 3664 ex
370 3603 448 3664 libro
459 3606 506 3663 De
517 3606 672 3665 mensibus
685 3607 804 3686 petitis,
826 3605 930 3687 ισηδος
947 3625 979 3685 p·
995 3602 1058 3668 113
1080 3599 1118 3664 15
1138 3598 1193 3657 fol·
1212 3598 1233 3663 1

128 3735 204 3784 rento
216 3725 274 3783 lin.
292 3727 341 3801 19,
362 3741 471 3804 κτησαι
484 3744 516 3804 p·
529 3729 590 3790 116
603 3725 624 3789 4
636 3726 692 3786 fol.
705 3730 727 3790 2
740 3736 818 3785 recto
831 3725 887 3784 tin.
903 3728 961 3799 10,
983 3743 1052 3800 πνη
1065 3737 1120 3800 pro
1131 3715 1232 3802 Λῖτηι

127 3843 201 3906 ibid.
215 3847 272 3906 lin.
287 3845 340 3910 12.
381 3839 458 3904 haeo
480 3855 511 3903 et
526 3845 624 3904 multa
642 3843 792 3907 eiusmodi
806 3846 839 3904 in
854 3841 953 3922 effigie
967 3840 1155 3924 pagellarum
1167 3855 1233 3898 nou

128 3965 260 4026 iuonrisn
282 3981 371 4026 mess
393 3973 447 4024 aut
466 3963 573 4046 oulpas
595 3985 772 4047 operarum,
793 3959 849 4024 sed
869 3963 987 4024 librarii
1006 3961 1143 4024 inaoitiae
1160 3967 1232 4020 snut

128 4081 295 4144 tribuenda.

210 4204 308 4268 Venio
326 4223 408 4266 nuno
426 4203 467 4266 ad
486 4201 622 4280 subsidia
641 4203 752 4290 quibus
774 4223 844 4266 sum
866 4203 901 4266 iu
917 4194 1127 4266 nmorando
1138 4205 1227 4260 textu
1247 4197 1269 4261 6
