3026 4942
498 368 556 437 nu
581 367 798 440 osuunns.
1123 373 1198 444 εει
1277 443 1290 472 ,

102 534 265 606 ἐπίθολον
291 529 385 619 ὕδωρ
414 531 451 602 τί
477 533 629 620 φρεατίαν
656 531 884 624 ἀναβλόξασι,
918 511 1015 603 ιιαθ”
1028 531 1147 622 έαντῆς
1176 531 1199 622 ή

102 639 263 706 πολιτεία.
303 633 328 723 ή
362 635 418 702 καί
450 633 532 702 όταν
561 637 683 713 ίιιτῖνος
711 635 749 703 ἐν
776 634 905 722 θεάτρῳ
932 636 1125 726 σννηγμένῳ
1151 639 1201 723 τῷ

101 740 223 824 πλήθει
245 733 386 824 ἀναίδην
405 738 626 822 περιίπταται,
655 734 774 804 ὁποῖον
796 735 1014 821 ἱπποδρομίας
1035 735 1201 804 έπιτελον-

101 837 203 925 μένης
224 841 356 926 είδομεν
376 837 429 907 έπί
449 844 507 925 τῆς
528 837 602 924 ἀρτι
624 836 817 924 διελθούσης
837 833 953 924 ένάτης
974 835 1200 922 έπινεμήσεως,

77 931 143 1026 σής
164 936 328 1027 ἀγομένης
349 941 472 1020 ίιιτῖνος
489 938 528 1009 τό
549 939 657 1028 βέλος,
680 937 741 1030 τήν
761 939 938 1026 λεγομένην
959 938 1130 1025 σαγίτταν,
1151 941 1202 1026 τῷ

100 1039 223 1128 δέμφει
243 1040 369 1128 φέρων,
395 1041 475 1110 ὅλον
499 1039 723 1120 έπικνιιλδσας
743 1039 803 1108 τόν
825 1041 948 1128 δῆμον,
972 1039 1024 1108 inl
1043 1043 1106 1107 cori
1126 1037 1201 1125 ἀβε-

99 1145 166 1211 λοῦ
184 1140 311 1230 ταύτην
334 1139 513 1229 διωλόγιον
532 1145 694 1229 σνρίττων
714 1137 864 1210 ἀπέθετο.
908 1138 927 1208 ό
958 1139 994 1208 δέ
1023 1142 1124 1227 δῆμος
1145 1137 1201 1209 oti·

100 1243 160 1312 δέν
180 1240 365 1332 βραδύνας,
393 1239 477 1312 καθ’
498 1241 621 1312 ἑαυτοῦ
642 1241 677 1312 δέ
698 1244 861 1331 κινηθείς,
891 1239 992 1321 αάτδς
1012 1241 1073 1328 μὲν
1093 1237 1203 1310 ἀπτόλ-

99 1348 199 1426 λντο,
228 1339 251 1431 ή
278 1343 314 1414 δέ
339 1345 434 1425 πόλις
461 1345 543 1430 πυρί
568 1350 657 1414 πόσα
682 1345 905 1432 διεφθείρετο,
934 1341 981 1424 ἀς
1008 1345 1065 1413 ταί
1096 1342 1202 1431 αδτήν

58 1445 164 1534 1οτήν
184 1446 368 1534 βασιλείαν,
400 1448 429 1514 εί
448 1443 493 1534 μή
512 1444 593 1526 θεός
611 1442 841 1534 ἀντέπραττεν,
873 1443 916 1515 orl
944 1443 1062 1530 πόρρω
1090 1444 1202 1514 ιιινδό-

99 1570 172 1616 νων
191 1545 309 1616 έλθεῐν.
351 1547 393 1615 τά
412 1547 479 1635 γάρ
500 1548 576 1632 περί
597 1545 729 1617 έπόαων
749 1544 806 1616 καί
824 1544 1076 1631 ννκτιιιορόιιων
1090 1545 1204 1615 λόιιων

98 1647 212 1717 rauel
233 1647 427 1730 ἀλωπέκων,
457 1645 539 1716 όταν
559 1645 596 1715 έν
617 1647 730 1718 πόλεσι
750 1650 952 1735 φαίνωνται,
980 1647 1022 1715 τά
1049 1649 1203 1735 εἰρημένα

99 1757 171 1830 τοῖς
192 1747 342 1837 ἀρχαίοις
361 1755 601 1838 μεταπολλητα,
626 1749 780 1830 καὶτοὺς
802 1749 836 1832 ἐξ
857 1741 905 1818 ἀν
926 1747 1041 1828 αὐτοῖς
1061 1751 1201 1838 διαλέγε-

70 1890 72 1903 ·
98 1875 169 1933 ται,
195 1851 348 1935 περιττόν
367 1849 524 1937 ἀντιτιρυς
544 1848 731 1937 ἀναφέρειν.

57 1965 93 2020 15
190 1957 345 2022 Τοσαῦτα
375 1953 436 2038 μέν
466 1945 530 2020 οὖν
556 1949 640 2036 πρός
665 1951 745 2032 τοάς
763 1955 836 2031 ταῖς
856 1951 1058 2038 διασημιίαις
1077 1948 1202 2019 ένιστα-

97 2051 220 2140 μένους
254 2054 329 2123 καί.
347 2055 539 2144 Πτολεμαίῳ
572 2058 763 2140 τολμῶντας
796 2048 976 2139 ἀντιλέγων
1005 2051 1041 2120 ln
1068 2055 1203 2120 πολλῶν

99 2151 196 2242 ὀλίγα
226 2155 378 2241 λελέχθω.
435 2155 551 2240 καιρός
578 2153 614 2222 δέ
642 2153 807 2238 ἀρξασθαι
833 2160 892 2241 τής
918 2155 1131 2241 ἐπαγγελίας,
1164 2154 1202 2224 διε

97 2260 168 2324 τείν
190 2252 338 2344 ήλιαιιοῑν
360 2253 630 2350 ἀποτελεσμάτων
649 2253 881 2342 λαμβάνοντας
899 2255 941 2323 τά
960 2256 1132 2343 προοίμια.

185 2365 217 2426 9.
258 2356 379 2428 Ἱστένν
409 2357 448 2426 lv
480 2357 626 2444 occisore
651 2354 697 2437 ἀς
723 2356 826 2444 μόνος
853 2354 873 2426 ό
900 2355 994 2446 ήλιος
1020 2357 1202 2439 ιιαθολιιιάς

53 2458 165 2546 mixto
185 2457 341 2537 ίτεογείαι,
362 2469 418 2522 τόν
440 2457 551 2530 ἀλλων
575 2465 773 2548 διοσημειῶν
791 2459 930 2539 τοιιιιιάς
951 2458 1109 2546 ἐχουσῶν.
1152 2459 1203 2530 δέ·

99 2563 197 2629 δοται
225 2560 289 2648 γάρ
311 2561 390 2637 ἀταε
410 2564 480 2644 vitto
501 2563 563 2651 μέν
581 2563 808 2634 καλύπτεσθαι
828 2569 870 2651 τῇ
890 2562 1123 2648 παρεμπτιόσει
1142 2568 1203 2650 τής

97 2661 253 2750 σελήνης,
285 2660 364 2744 αότῇ
386 2667 417 2729 σι
438 2673 472 2744 τῇ
495 2663 692 2734 ἀντιπτιόσει
712 2671 769 2753 ιής
791 2670 870 2752 γῆς,
904 2666 961 2734 stol
986 2664 1047 2733 τόν
1074 2667 1135 2751 μέν
1163 2666 1203 2733 έν

99 2762 234 2859 συνόδῳ
263 2763 412 2844 πόντων,
440 2772 493 2847 τήν
520 2772 635 2846 σελήνην
656 2767 708 2850 δέ,
742 2765 824 2836 ὅταν
851 2758 874 2855 ᾖ
903 2767 1100 2856 πλησιφαής.
1142 2767 1202 2836 καί

167 2919 270 2974 δόσει.
288 2922 349 2976 add.
362 2920 553 2992 κινηθήσεται.
570 2922 608 2976 ll.
730 2919 910 2990 Ἰδιαλόγιον
929 2919 962 2976 0.
1091 2923 1202 2977 iduum

166 2981 413 3116 &effluentem
429 2993 498 3118 αἱ
503 2989 572 3062 μήτ’
587 2987 739 3048 ἀπόλοιαί
771 2994 821 3048 sed
835 3009 921 3064 neque
937 2991 1005 3048 baec
1020 2989 1135 3062 plooent.
1161 2993 1200 3051 H.

328 3079 426 3132 τιτη.
943 3113 945 3118 .

97 3197 171 3254 blica
186 3205 279 3252 centn
294 3213 324 3251 se
339 3195 400 3269 ipsu
415 3196 607 3265 concitabitur3
630 3199 674 3254 vel
698 3199 801 3270 quando
817 3197 912 3254 milvus
927 3199 956 3253 in
972 3197 1043 3254 circo
1061 3198 1202 3254 considen-

97 3278 153 3324 tem
165 3267 354 3322 multitudinem
370 3267 536 3336 impudenter
551 3269 733 3338 circumvolet,
757 3271 970 3341 quemadmodum
986 3269 1104 3323 ludorum
1120 3287 1203 3339 eque-

97 3335 192 3392 stu'iu‘m
210 3335 388 3390 celebratione
404 3337 532 3406 vidimus,
549 3339 693 3394 indictione
710 3357 780 3392 nona
797 3356 831 3392 eu
848 3357 917 3408 quae
934 3341 1010 3392 modo
1028 3345 1137 3409 pernota
1150 3347 1202 3392 est.

97 3406 197 3476 quibus
217 3405 361 3459 commissis
383 3405 478 3461 milvus
502 3407 598 3478 telum,
623 3410 693 3479 qnod
714 3409 838 3478 sagittam
861 3415 972 3474 vocant,
997 3417 1084 3460 rostro
1102 3407 1203 3474 iercns,

97 3491 158 3528 cum
183 3491 283 3531 omnem
307 3475 434 3530 παιδίοισι
455 3477 592 3547 populum,
615 3477 738 3548 sagittam
761 3483 882 3546 argutum
905 3477 1019 3530 stridens
1039 3477 1068 3528 in
1086 3475 1203 3529 obelisco

97 3545 233 3614 deposuit.
268 3561 354 3614 neque
373 3545 425 3600 ulla
448 3563 521 3599 more
541 3547 597 3601 inte
631 3547 700 3602 osita
716 3545 828 3618 populus
846 3547 872 3599 in
889 3565 920 3599 ae
936 3545 1082 3598 concitatus
1100 3553 1128 3596 et
1144 3543 1205 3614 ipse

98 3613 205 3668 interiit
223 3621 251 3667 et
271 3615 335 3667 urbs
355 3615 439 3668 omnis
457 3615 580 3670 incendio
600 3633 616 3669 a
635 3625 739 3686 sumpta
755 3623 811 3682 est,
838 3623 869 3668 ut
886 3615 929 3668 vel
949 3615 1035 3686 ipsum
1056 3612 1203 3682 imperium,

99 3682 154 3738 nisi
179 3699 273 3738 numen
299 3684 459 3751 obstitisset,
483 3701 535 3738 non
559 3685 666 3740 multum
689 3685 819 3738 abfuisset
843 3700 859 3736 a
882 3683 1042 3738 discrimine.
1085 3699 1144 3734 nam
1168 3683 1204 3735 de

98 3751 197 3822 upupis
214 3751 321 3806 cicomis
337 3752 407 3822 lupis
424 3751 564 3824 vulpibus,
587 3755 692 3825 quando
707 3755 735 3807 iu
754 3753 906 3807 civitatibus
922 3751 1132 3822 conspiciuntur,
1156 3765 1202 3803 su-

119 3837 292 3876 ervacaueurn
309 3831 351 3876 est
367 3841 400 3876 ee
419 3839 488 3893 quac
504 3831 609 3878 veteres
624 3823 696 3877 inter
717 3822 872 3876 abscondita
892 3826 1117 3889 memoraverunt,
1143 3819 1203 3890 qui-

96 3839 202 3960 busque
217 3890 369 3945 nemoribus
382 3910 414 3946 ea
427 3899 575 3962 exponunt,
598 3892 684 3963 polam
699 3894 832 3964 prolerre.

169 3960 246 4013 Haeo
268 3959 303 4013 iis
326 3961 372 4030 qui
397 3961 513 4031 auguriis
530 3963 703 4016 adversantes
720 3971 813 4015 contre
827 3959 1005 4014 Ptolemaeum
1021 3956 1139 4028 argutari
1156 3975 1204 4012 eu-

97 4030 179 4096 dent,
204 4047 220 4082 e
242 4029 329 4082 multis
352 4047 437 4101 pauca
458 4030 529 4084 dicta
550 4039 637 4086 sunto.
673 4032 721 4084 aed
745 4031 797 4083 iam
819 4039 922 4100 tempus
946 4036 989 4083 cat
1004 4027 1124 4082 solvendi
1140 4045 1204 4100 pro-

97 4097 195 4166 missa,
213 4097 253 4150 ita
266 4107 297 4152 ut
312 4099 345 4151 ab
359 4101 499 4154 effectibus
512 4099 641 4154 solaribus
654 4098 789 4154 exordium
802 4100 945 4184 capiamus.

168 4169 197 4222 9.
233 4167 374 4222 Sciendum
389 4177 430 4223 eet
446 4169 475 4222 iri
491 4169 584 4238 primis
597 4168 678 4222 solem
692 4167 775 4223 solum
791 4167 954 4222 universales
968 4167 1068 4221 babere
1081 4165 1202 4221 efficien-

98 4235 169 4304 tias,
187 4253 246 4290 σοιν
265 4245 356 4292 cetere
371 4239 461 4293 sidere
477 4237 574 4292 locales
592 4239 716 4293 babeant.
751 4237 849 4292 etenim
866 4239 953 4290 dotum
971 4245 1014 4292 est
1030 4238 1133 4290 omnino
1152 4235 1202 4290 soli

98 4315 129 4360 ot
144 4307 297 4360 interventu
309 4306 403 4376 lones,
429 4309 490 4362 buic
506 4316 537 4362 ut
551 4307 656 4362 obiecto
676 4317 766 4362 terrae
778 4307 940 4376 occultetur,
964 4308 1003 4361 sol
1020 4307 1049 4359 in
1062 4305 1202 4361 constella-

98 4375 176 4430 tione
195 4375 322 4450 omniun,
345 4377 425 4452 luua,
449 4379 554 4452 quando
574 4388 616 4435 est
631 4377 709 4453 pleno
725 4377 833 4434 lumine.
868 4385 950 4450 atque
965 4378 1017 4432 lrao
1032 4378 1067 4432 de
1082 4393 1114 4430 re
1128 4391 1204 4430 nemo
