3100 4958
295 367 347 416 urs
636 345 747 414 Hsstl
771 345 829 412 DE
854 343 1060 413 OSTENTlS

295 552 404 627 manis,
428 571 459 630 p.
473 567 527 610 uxr
537 583 574 596 -
584 567 705 610 nxxrrr.
746 565 803 607 nec
815 547 977 629 quicquam
989 546 1052 606 iera
1066 541 1142 604 milri
1153 541 1213 606 huo
1225 541 1397 604 addendum

295 680 358 744 est,
380 670 438 728 nisi
460 667 555 747 illud,
577 689 637 729 nou
656 669 751 728 multo
765 676 834 749 post
848 665 1010 726 editionem
1027 666 1097 726 libri
1112 667 1157 725 De
1175 662 1398 743 magistratibus

295 808 498 867 possessorem
513 787 643 863 codicis,
664 790 764 848 virum
780 787 929 846 illustrem
940 785 978 842 G.
990 785 1028 842 A.
1043 781 1081 842 de
1094 781 1396 856 choiseul-ocurrer,

296 927 367 967 cum
389 905 570 968 valetudinis
594 927 687 968 cansa
707 907 932 986 Aquisgranum
950 905 1138 980 secessisset,
1172 903 1270 963 subito
1292 899 1397 960 morbo

296 1046 473 1108 oppressum
485 1027 573 1090 bonis
588 1027 744 1103 omnibus,
767 1034 798 1086 et
811 1026 990 1106 praesertim
1002 1026 1040 1085 iis
1055 1027 1109 1108 qui
1121 1025 1215 1084 literis
1228 1019 1397 1081 mitioribus

296 1149 384 1227 politi
404 1158 491 1224 sunt,
513 1146 717 1206 tristissimum
735 1145 784 1206 sui
804 1143 988 1206 desiderimn
1000 1147 1169 1230 reliquisse.
1213 1157 1399 1203 commemo-

296 1267 403 1328 rabant
426 1269 526 1326 cunati
547 1277 578 1326 et
597 1266 672 1326 olirn
687 1266 849 1346 contigisse
866 1266 896 1325 ei
908 1265 986 1326 illud
1001 1264 1083 1350 quod
1098 1265 1219 1347 paucis,
1240 1273 1276 1322 at
1290 1262 1400 1322 florens

296 1395 405 1462 aetate,
427 1389 459 1446 in
471 1407 589 1446 erumna
601 1386 724 1446 fortuna
736 1395 826 1468 atque
834 1387 970 1465 potentia
984 1389 1171 1462 constitutus,
1190 1383 1286 1464 pluris
1295 1393 1401 1441 tamen

199 1523 227 1576 p·
247 1521 277 1559 tv
295 1503 388 1566 homo
405 1507 580 1586 ingeniosus
595 1525 630 1566 ao
645 1505 774 1566 disertm
793 1504 893 1564 studia
908 1517 939 1566 et
952 1509 1099 1588 ingenuas
1121 1515 1199 1566 artes
1214 1521 1306 1586 quam
1317 1501 1399 1560 bona

294 1628 349 1686 illa
367 1627 490 1686 fortuita
506 1626 606 1686 facere
624 1628 664 1686 sit
679 1625 772 1684 maus.
815 1635 846 1685 et
861 1636 932 1686 tunc
947 1647 1068 1710 quoque
1082 1627 1176 1708 ipsius
1189 1626 1302 1685 iactura
1313 1642 1400 1682 corn-

294 1747 396 1806 muois
412 1748 536 1826 contigit
551 1748 684 1823 Galliae,
707 1745 821 1827 patriae
836 1747 917 1823 eius,
942 1749 995 1806 ubi
1009 1747 1202 1830 amplissimis
1220 1754 1285 1804 erat
1299 1739 1399 1800 hono·

295 1867 377 1927 ribus
400 1867 591 1947 perfunctus,
615 1867 782 1927 communis
802 1866 961 1943 Graeciae,
985 1869 1070 1928 cuius
1090 1867 1205 1927 insulas
1224 1863 1323 1924 verbis
1343 1859 1399 1920 de-

295 1987 454 2066 scripserat
468 1988 727 2069 exquisitissimis,
750 1995 841 2066 atque
854 1983 931 2046 adeo
944 1987 1086 2062 Rosciae,
1107 1981 1190 2066 apud
1201 1984 1286 2044 cuim
1298 1983 1399 2060 impe-

294 2117 425 2166 ratorem
440 2107 570 2166 Paulum
582 2125 693 2185 anaguo
707 2103 807 2164 fuerat
821 2107 905 2182 loc03
928 2105 1096 2166 oommmris
1110 2105 1270 2185 praecipue
1285 2099 1333 2161 his
1346 2101 1400 2182 qui

294 2238 374 2287 artes
389 2229 542 2306 elegantes
558 2227 670 2300 colunt,
691 2225 878 2306 literatisque
893 2224 1042 2302 omnibus,
1063 2226 1161 2306 iisque
1174 2223 1312 2304 inprimis
1323 2238 1400 2302 quos

294 2348 348 2406 ille
358 2367 420 2406 non
433 2346 563 2406 amicitia
577 2345 676 2404 solum
690 2343 744 2404 sed
756 2345 959 2406 familiaritate
972 2345 1064 2403 etiam
1077 2362 1131 2404 sua
1143 2362 1204 2402 non
1217 2341 1337 2424 penitus
1348 2341 1400 2397 iu-

296 2467 403 2547 dignos
417 2465 574 2526 iudicarat.
618 2463 779 2526 accedebat
794 2465 877 2550 quod
893 2466 997 2528 obiens
1010 2465 1198 2524 luculentam
1213 2463 1332 2542 copiam
1349 2461 1400 2518 iu-

292 2589 490 2668 scriptionum
512 2587 666 2664 signorum
690 2586 862 2646 tabularum
885 2583 1147 2666 anaglyphomm,
1182 2583 1359 2659 scriptiones
1380 2598 1400 2636 a

295 2725 362 2768 sese
379 2705 533 2766 inchoatas
549 2707 721 2786 perplures,
744 2703 922 2789 ohartmque
940 2708 1084 2788 cuiusque
1099 2700 1184 2763 modi
1199 2698 1324 2760 aedibus
1338 2698 1401 2756 ril-

286 2827 393 2909 .lisque
420 2825 546 2886 diversis
567 2825 716 2908 dispersas
739 2827 939 2909 relinqueret3
961 2845 1019 2883 nec
1037 2824 1202 2905 quicquam
1213 2819 1337 2900 propius
1353 2825 1400 2876 ast

293 2946 408 3006 facttum
432 2965 525 3027 quam
544 2958 650 3024 ntea,
672 2968 734 3007 non
758 2948 822 3006 sine
842 2947 998 3006 literamm
1019 2944 1187 3023 artiumque
1209 2938 1399 3014 detrimento,

294 3085 416 3146 prorsus
431 3063 654 3146 dissiparentur.
698 3085 872 3148 quanquam
885 3063 956 3124 huic
970 3061 1095 3147 quidem
1107 3056 1298 3122 incommodo
1314 3067 1344 3117 et
1359 3055 1399 3116 ab

294 3181 455 3244 heredibus
475 3185 557 3258 eius,
577 3185 650 3242 viris
670 3203 790 3244 summa
811 3184 956 3265 dignitate
977 3182 1136 3264 praeditis,
1159 3190 1190 3241 et
1207 3179 1245 3240 ab
1266 3176 1399 3238 admini-

296 3305 439 3366 stratione
462 3303 514 3382 (ut
527 3299 630 3381 aiunt)
652 3323 698 3361 res
712 3305 868 3366 interiores
882 3305 1024 3363 Franciae
1039 3301 1334 3381 magnificentissime
1350 3308 1399 3358 at-

294 3443 354 3504 que
378 3421 606 3503 diligentissime
630 3433 825 3502 procurante,
847 3441 1004 3484 occursum
1026 3433 1071 3481 est
1087 3423 1144 3498 sic,
1166 3431 1201 3480 nt
1216 3423 1302 3498 signa
1317 3417 1398 3497 lapi-

295 3540 408 3624 desque
431 3543 526 3602 literis
547 3543 683 3620 brsigniti
703 3560 800 3622 paene
822 3551 928 3602 cuncta
948 3544 980 3600 in
1000 3561 1141 3602 museum
1155 3542 1285 3618 Regium
1298 3549 1397 3598 trans-

211 3687 239 3740 p.
259 3687 276 3722 v
293 3663 459 3739 ferrentur,
481 3658 599 3720 codices
610 3679 705 3720 mauu
718 3663 823 3740 scripti
835 3663 861 3721 si
875 3663 928 3744 qui
942 3671 1026 3722 erant
1050 3661 1156 3743 (eraut
1172 3670 1274 3718 tamen
1287 3655 1396 3738 pauci)

295 3784 328 3842 in
347 3777 563 3840 bibliothecam
579 3781 718 3860 Regiam.
760 3782 803 3840 ita
826 3777 924 3840 denuo
945 3783 978 3839 in
998 3800 1107 3840 manus
1122 3797 1207 3839 meas
1221 3775 1396 3859 venitlrydi

294 3898 409 3978 codex,
449 3902 525 3960 olim
548 3902 724 3961 esseolinue
756 3900 820 3981 (sic
843 3901 1012 3981 appellatus
1035 3921 1077 3960 ex
1101 3901 1200 3980 prlore
1223 3917 1396 3980 possessore

293 4018 516 4099 maioribusque
541 4021 621 4096 eius,
658 4017 741 4102 quod
768 4021 913 4080 comitum
938 4020 976 4078 de
1001 4018 1123 4078 Coseolo
1151 4019 1273 4079 nomine
1299 4035 1397 4076 anna-

294 4137 369 4196 lium
396 4141 600 4196 momuneutis
629 4138 854 4221 celebrantur),
881 4159 963 4200 nusrc
985 4141 1110 4218 Regius
1153 4139 1238 4198 carim
1261 4133 1300 4195 de
1325 4154 1397 4216 spe-

294 4257 340 4316 cie
363 4275 398 4316 ac
420 4265 516 4332 statu,
538 4266 696 4338 postquam
710 4258 743 4318 in
755 4256 970 4322 bibliothecam
984 4269 1119 4318 nostram
1136 4257 1237 4318 illatus
1256 4265 1317 4332 est,
1339 4253 1396 4314 etsi
