3026 4942
322 313 380 382 nn
398 313 737 385 nsonrnsnmns
755 318 792 386 r.
809 318 850 385 n.
876 317 954 386 nn
976 319 1036 387 m.
1146 277 1220 390 asa

126 494 177 572 τῆς
189 484 293 576 ἀρχῆς.
344 493 407 554 τῶν
425 493 498 574 γοῦν
517 488 678 554 δικανικῶν
695 483 833 578 ῥητόρων
853 487 926 568 τοός
947 489 1090 578 ἀρίστους
1105 491 1152 556 ini
1165 491 1221 576 τὴν

124 591 216 678 ἀρχὴν
230 587 398 680 προόφερε·
423 592 479 656 καί
491 615 563 656 ποτε
578 591 657 680 πρός
671 599 727 678 τῆς
742 599 876 678 γαμετῆς
892 591 1053 681 Ἀριάδνης
1071 593 1222 679 ἀχλοόμε-

123 719 172 772 νος
184 693 334 784 Ἀνθεμίιρ
349 700 393 784 τῷ
408 693 569 778 Ἀνθεμίον
590 701 645 760 τοῦ
665 692 785 781 Ῥῶμος
798 695 1052 778 βεβασιλευκότος
1063 701 1150 762 παιδί
1166 699 1221 782 τὴν

122 795 216 884 alpina
228 798 389 886 ίγχειρίσαι
404 795 626 884 ἠγανάκτησεν,
644 799 736 866 είιιῶν
752 801 785 865 δὲ
794 799 926 883 μηδενός
941 798 961 884 ἢ
974 799 1077 884 μόνων
1091 807 1219 886 λογικῶν

99 898 205 978 δάξίαν
221 899 294 966 εἶναι
309 900 365 985 τὴν
376 897 577 988 ἐπαρχότητα.
628 900 710 981 ὅπως
725 904 759 969 δί
775 901 912 991 ἠρυθρία
926 904 982 988 τὴν
998 901 1110 991 ἀρχήν,
1139 900 1219 990 γνῶ-

120 1004 205 1070 σεταί
223 1030 270 1082 τις
289 1005 322 1070 ἐκ
341 1001 462 1071 τοότοο.
507 1001 634 1092 Ἑρμίας
649 1031 695 1082 τις
711 1015 774 1084 τοῖς
786 1007 920 1084 Λυδίας,
931 1010 1129 1094 σκρινιαρίοις
1144 1033 1219 1072 σον-

120 1104 344 1194 οριθμοόμενος
356 1104 416 1173 ἀπὸ
429 1108 549 1192 μίμψιν
562 1108 679 1194 γίγονε,
711 1111 839 1196 Σεργίου
861 1115 916 1174 τοῦ
934 1106 1001 1176 τότε
1017 1111 1072 1192 τὴν
1086 1105 1228 1197 ἓπαρχό-,

118 1234 192 1294 τηεα
206 1212 360 1288 διέποντος
373 1209 646 1297 ἀγανακτήσαντος.
698 1207 715 1276 ό
733 1214 767 1278 lt
778 1212 925 1294 βασιλείας
937 1214 1014 1300 πρὸς
1027 1220 1081 1296 τῆς
1092 1207 1218 1298 Ἑρμίου

117 1313 230 1402 μητρός
246 1312 429 1398 ἀχλοόμενος
451 1313 546 1392 πολδς
565 1313 675 1400 ἐγίνετο
692 1313 744 1381 τόν
764 1312 903 1409 ὕπαρχον
919 1321 1104 1404 παρακαλῶν
1117 1341 1220 1403 παρα-

82 1427 112 1482 10
115 1427 222 1504 χωρεῖν
233 1415 361 1510 Ἑρμίρ·
393 1420 503 1496 infraq
519 1418 552 1483 δὲ
565 1419 656 1508 μέχρι
671 1417 784 1496 παντὸς
802 1414 983 1501 ἀνεβάλλετο
991 1467 1002 1499 ,
1028 1415 1110 1494 καλό
1125 1424 1220 1503 βασι-

115 1519 181 1598 λεδς
194 1521 340 1602 ἐνεδίδου,
359 1519 415 1605 τήν
426 1547 457 1588 τε
472 1521 569 1610 ἀρχὴν
582 1519 636 1606 τήν
650 1547 682 1588 τε
699 1523 825 1608 Σεργίου
841 1519 1010 1607 σεμνότητα
1023 1521 1220 1609 παρατηροό-

114 1647 216 1706 μενος·
244 1624 348 1708 ἴσχυσε
363 1625 397 1690 δ’
415 1623 499 1708 ὅμως
514 1622 590 1713 ὑπὲρ
606 1627 724 1691 δικαίου
740 1629 936 1711 παρακαλῶν.
975 1625 1075 1690 αότῶν
1091 1617 1145 1689 miv
1156 1631 1219 1690 τῶν
1332 1687 1336 1695 ,

114 1726 144 1791 ίν
165 1724 247 1816 λόγῳ
267 1727 440 1812 ἀμοιβαδὸν
459 1728 516 1812 τὴν
540 1728 640 1816 ἀρχὴν
662 1725 981 1816 παραλαμβανόντων,
1006 1730 1219 1814 παραδίδωσιν

114 1827 145 1894 ίκ
163 1839 223 1896 τῶν
246 1832 414 1918 λεγομίνων
429 1831 670 1917 Αάγοοοταλίων
687 1833 722 1898 oi*
737 1829 873 1914 μάλιστα
892 1840 955 1908 τοῖς
975 1827 1076 1920 λόγοις
1097 1833 1218 1917 ίνίπρε-

80 1947 107 2002 15
115 1959 185 2014 πον,
221 1936 275 2000 καλ
296 1935 359 2019 μὴν
380 1936 431 2000 καλ
452 1932 659 2024 ταχογράφων
679 1945 743 2012 τοῖς
765 1931 970 2013 ἀκολούθοις,
1003 1933 1143 2018 παριίναι
1164 1934 1217 1997 καί

114 2035 218 2122 λόγους
241 2036 447 2124 παραδιδόναι
468 2041 519 2103 καί
541 2036 705 2125 ἀκροάσεσι
729 2031 896 2122 δημοσίαις
915 2039 1141 2102 ἐπιδείκνυσθαι
1160 2034 1216 2118 τὴν

113 2131 204 2206 οὖσαν
229 2140 334 2218 αάτοίς
355 2143 403 2206 ἐπὶ
424 2149 489 2218 τοῖς
511 2137 612 2227 λόγοις
631 2139 841 2230 παρασκευήν,
872 2147 969 2230 γερῶν
991 2165 1023 2206 τε
1046 2138 1082 2204 οδ
1097 2143 1216 2224 μικρῶν

113 2241 277 2330 τυγχάνειν.

211 2347 274 2416 51.
302 2351 440 2412 Τοιαῦτα
452 2344 508 2430 μίν
522 2372 589 2413 τινα
603 2341 672 2412 τότε
685 2342 859 2436 ἐπράττετο,
885 2341 903 2412 ὁ
921 2345 955 2411 δὲ
968 2343 1112 2428 βασιλεὺς
1126 2339 1217 2430 ίτρό-
1320 2397 1324 2406 ,

78 2459 167 2536 blaa,
183 2461 254 2528 ταῖς
263 2451 410 2537 Μαρίνου
425 2452 588 2538 περινοίαις
605 2454 744 2517 πλουτῶν
758 2453 809 2516 καί
823 2459 890 2528 ταῖς
904 2455 965 2514 τῶν
980 2445 1104 2512 όπάτων
1118 2447 1215 2534 εὕρη-

113 2555 193 2635 μίαις
207 2549 455 2640 ε’νοβρυνόμενος.
510 2553 611 2640 είρήνη
626 2554 660 2618 δὲ
672 2559 790 2635 βαθεῖα
801 2553 856 2639 τὴν
871 2559 972 2618 πᾶσαν
985 2549 1112 2635 ίχοόνου
1126 2555 1215 2616 πολι-

113 2652 207 2738 τείαν,
235 2659 287 2722 καί
305 2655 360 2740 οόχ
373 2653 482 2740 ἣκιστα
496 2655 549 2724 τόν
561 2653 751 2743 στρατιώτην
755 2705 766 2736 ,
791 2654 913 2722 πάντων
928 2652 1074 2740 inpiati-mla
1088 2659 1143 2738 τῆς
1155 2653 1213 2717 αὐ-

112 2763 165 2845 λῆς
185 2759 345 2854 ρρστῶνην
367 2756 535 2842 ζηλοόντων
556 2761 608 2824 καί
633 2757 803 2828 διωκόντων
824 2759 863 2824 τὰ
881 2759 1032 2842 βασιλέως
1055 2752 1213 2839 ἐπιτηδεό-

176 2937 194 3060 3
210 2931 339 3060 ιριὶνρρδτ
353 2929 704 3075 (2.16δημξγρρετοονοίςο.
815 2936 850 2992 13
866 2906 1031 3004 παράδοσιν
1048 2934 1081 2989 c.
1117 2951 1152 2988 en
1170 2933 1213 2988 δί-
1239 2959 1242 2968 ¹

195 3024 218 3059 ιο
551 3024 576 3068 ις
617 3042 626 3060 .

111 3175 164 3213 nos
180 3160 214 3215 οδ
232 3159 428 3244 praefectnram
443 3159 550 3243 araxim
574 3167 655 3284 ερρρο
674 3157 813 3244 aliquando
830 3159 865 3242 ab
883 3173 966 3242 uxpre
981 3149 1099 3215 hriadm
1113 3154 1213 3210 sollici-

111 3237 178 3283 tatus
194 3239 226 3283 ut
239 3229 379 3282 Anthemio
394 3229 535 3297 Anthemu,
553 3246 599 3299 qur
635 3247 708 3284 omae
719 3235 869 3299 imperant,
887 3227 942 3280 libo
957 3228 1149 3296 praefecturam
1165 3227 1214 3280 de·

111 3297 209 3365 serrat,
237 3315 394 3352 succensens
412 3299 514 3352 nemine
530 3299 582 3352 nisi
598 3297 711 3352 literatis
728 3299 832 3366 dignam
850 3315 909 3354 esee
926 3297 1118 3367 praefecturam
1134 3294 1213 3348 dixit.
1321 3336 1324 3346 .

111 3368 240 3436 quomodo
257 3377 343 3422 antem
359 3367 461 3442 veritus
478 3367 515 3420 sit
530 3369 726 3451 magistratum,
751 3385 784 3420 ex
802 3367 851 3418 hoe
867 3366 931 3420 licet
945 3364 1104 3484 intelligere.
1139 3363 1212 3416 Her-

112 3434 173 3489 mies
191 3435 296 3506 quidam
316 3456 331 3489 e
346 3437 449 3504 Lydiae
467 3437 612 3490 acrhriarris
629 3435 860 3507 reprehensionem
877 3433 1003 3502 incurrit,
1051 3451 1080 3486 er
1100 3431 1142 3499 'o,
1166 3432 1212 3513 qui

111 3513 164 3558 tum
179 3507 349 3575 praefectura
365 3505 531 3574 fungebatur,
548 3513 730 3562 succensente.
766 3505 909 3573 imperator
925 3509 1021 3570 autem,
1039 3503 1071 3554 ab
1115 3516 1213 3552 ermrae

111 3582 193 3628 matre
210 3573 375 3642 sollicitatus,
391 3574 497 3628 multum
514 3575 668 3630 hortabatur
685 3575 846 3647 praelectum
860 3579 890 3625 ut
901 3571 1026 3624 Hermiae
1042 3570 1211 3623 concederet.

105 3651 139 3705 ‚at
153 3642 198 3697 ille
216 3659 300 3713 usque
315 3644 472 3708 differebat,
490 3643 651 3714 indulsitque
666 3644 818 3712 imperator,
839 3649 867 3694 et
881 3641 1060 3708 magistratum
1079 3645 1107 3690 et
1122 3637 1211 3704 Sergii

110 3712 275 3780 splendorem
293 3730 429 3782 reverens,
446 3714 565 3796 quamvis
583 3730 662 3767 cauae
675 3720 748 3766 esset
765 3709 869 3776 fortior,
887 3709 986 3791 quippe
1002 3708 1053 3790 qui
1064 3709 1099 3760 ad
1114 3706 1213 3760 iustam

110 3795 165 3834 rem
182 3782 342 3836 humaretur.
378 3799 435 3835 eum
454 3792 537 3850 agatur
553 3781 711 3836 clarissimus
728 3779 841 3850 quisque
857 3784 1011 3846 magistratu
1026 3775 1144 3830 meinaim
1161 3794 1210 3844 po·
1293 3795 1296 3799 ·
1407 3785 1410 3795 ¹

111 3848 221 3919 tiretur,
240 3867 273 3904 ex
290 3851 492 3920 Augustalibus,
513 3857 544 3904 ut
558 3861 671 3918 vocant,
687 3850 721 3906 iis
737 3849 783 3920 qui
798 3846 910 3902 maxime
926 3844 1077 3915 eloquentia
1091 3853 1212 3916 praesta·

111 3917 189 3986 hant,
222 3939 271 3973 nec
295 3937 348 3974 non
373 3920 563 3974 aemulantibus
585 3937 631 3974 ecs
656 3921 727 3974 inter
753 3916 886 3984 notarios,
917 3915 1045 3970 accedere
1070 3915 1211 3981 concessit,

113 3988 296 4058 orationesque
309 3989 425 4058 tradere,
443 3997 472 4042 et
488 3989 600 4059 publicis
611 3989 640 4042 in
650 3987 788 4044 auditoriis
804 4002 878 4040 suam
888 3985 917 4038 iu
934 3983 1046 4038 (licendo
1059 3983 1211 4038 inomaus:

112 4059 259 4125 ostendere,
295 4059 445 4128 memiaque
460 4076 513 4112 non
531 4058 626 4128 exigna
640 4076 720 4112 conse
739 4055 776 4110 ui.

179 4127 223 4180 51.
285 4127 337 4180 alia
358 4129 485 4196 quaedam
508 4133 562 4180 tum
581 4129 691 4181 fiebant.
726 4129 869 4195 imperator
886 4127 973 4178 autem
989 4121 1108 4178 mollitiei
1123 4119 1210 4175 indul-

112 4195 201 4263 gehat,
217 4195 314 4250 Marini
330 4197 431 4250 artibus
449 4196 534 4264 dives,
552 4203 581 4250 et
596 4196 728 4251 aemulum
747 4193 866 4248 laudibus
884 4192 978 4248 elatus.
994 4209 1048 4264 pax
1064 4209 1129 4246 vero
1146 4207 1209 4261 pro·

113 4261 193 4316 lunda
209 4273 289 4318 totam
306 4265 413 4320 laxabat
427 4283 482 4320 rem
496 4265 636 4336 publicam,
654 4274 684 4319 et
698 4264 808 4320 maxime
823 4262 940 4332 militem,
958 4261 1077 4326 omnibus
1092 4277 1145 4317 une
1161 4275 1210 4314 su·

113 4327 154 4386 lae
171 4331 250 4390 otium
267 4333 457 4391 aemulantibus
473 4336 688 4410 sectantibusque
702 4335 791 4392 studia
807 4331 983 4406 imperatoris.
1010 4350 1042 4388 ec
1057 4331 1118 4386 finis
1136 4337 1210 4384 cete·
