3100 4958
327 333 407 384 mv
524 312 636 385 nisu
659 313 719 382 DE
744 313 954 386 oswius
977 313 1224 386 PRAEFATIO.

328 513 403 576 editi
422 510 598 594 emendavi,
626 535 697 578 omn
713 515 844 578 breviter
863 516 995 600 egerim,
1015 535 1077 578 non
1096 535 1202 578 remor
1215 535 1254 576 na
1269 516 1329 576 aim
1343 513 1429 576 vitn-

327 639 469 718 perabilie
484 635 543 696 heo
555 646 651 716 panta.
692 636 789 696 multo
804 638 903 718 magie
917 638 1008 713 elibi;
1029 656 1086 696 neo
1101 633 1204 697 dubito
1220 655 1285 696 eaae
1303 635 1427 696 reatitu-

327 760 425 820 tionea
440 777 518 840 quae
533 755 584 816 vel
595 751 673 814 mihi
686 753 745 836 ipai
759 755 850 837 paulo
866 768 934 838 poet
949 757 1027 818 forte
1044 759 1104 818 ainl
1121 755 1339 838 displicitura,
1361 755 1426 838 qui,

327 879 355 939 ai
374 898 430 959 per
448 879 544 940 otium
564 877 670 952 lioeat,
691 895 810 962 aperem
823 877 856 936 in
871 874 936 938 diea
949 878 1074 940 meliora
1093 878 1259 959 praeteritio
1278 877 1428 937 invenire.

326 995 383 1060 aed
397 1007 432 1058 ut
449 997 524 1058 olim
540 993 716 1056 minuenda
738 994 870 1059 editione
888 1000 961 1058 eetia
980 996 1080 1059 herole
1100 999 1243 1079 temporie
1263 996 1427 1074 tranamiai,

327 1119 370 1178 ite
390 1137 471 1178 nuno
490 1113 686 1176 exoudendae
707 1118 829 1176 nonniei
848 1127 983 1198 tempora
1005 1120 1162 1181 aubaeoiva
1176 1115 1351 1198 impendere
1368 1133 1429 1197 po·

326 1237 390 1312 ini,
412 1243 513 1316 erepte
530 1234 722 1314 eoaiptorihua
736 1236 928 1317 Byzantinis,
949 1239 1067 1315 Paello,
1089 1239 1219 1318 Georgio
1240 1236 1428 1312 Hamartolo,

327 1353 563 1437 ohronographia
583 1355 689 1433 variie,
711 1354 752 1415 ed
765 1376 842 1439 qaoe
855 1357 1023 1439 vulgandoa
1037 1379 1160 1420 onmem
1172 1375 1274 1418 curem
1289 1356 1322 1416 in
1337 1373 1429 1435 prae-

328 1477 510 1559 sentiatque
524 1493 648 1556 operam
662 1475 793 1536 confero.
834 1475 927 1560 idque
948 1480 1139 1560 potissimam
1160 1487 1211 1538 aot
1225 1477 1324 1538 aolum
1337 1493 1429 1556 prae·

328 1606 407 1656 atare
420 1595 541 1654 interim
554 1593 656 1672 volui,
681 1593 761 1678 Lydi
778 1595 881 1656 libello
896 1607 931 1658 ut
945 1596 1057 1660 diutina
1076 1596 1155 1658 dooii
1168 1595 1306 1658 heminae
1321 1613 1360 1654 ne
1375 1613 1430 1653 oa-

327 1725 438 1775 terent.
480 1731 556 1797 quoa
571 1734 624 1776 oro
639 1724 674 1775 ut
693 1712 773 1776 hano
787 1719 919 1799 opellam
934 1719 1008 1781 boni
1027 1717 1198 1794 consident,
1220 1724 1250 1774 el
1270 1723 1367 1774 errata
1379 1714 1431 1773 le·

327 1835 443 1912 vinula,
463 1836 641 1915 preeaertim
657 1835 776 1917 typica,
798 1839 826 1898 ai
852 1851 1022 1916 ooeurrent,
1047 1839 1194 1921 aoeipiant
1217 1851 1331 1917 aeque:
1351 1835 1431 1894 titu-

324 1954 431 2014 batum
453 1955 535 2014 enim
554 1973 618 2016 non
637 1973 703 2014 eoae
716 1955 879 2036 aliqnando
894 1960 927 2018 in
940 1957 989 2019 hia
1004 1961 1114 2040 epinia,
1136 1957 1205 2041 quia
1219 1965 1284 2017 tam
1295 1965 1431 2016 temera·

259 2149 263 2157 Ι
328 2074 391 2135 eiua
406 2084 452 2134 eet
465 2084 501 2134 ut
514 2071 625 2134 audeat
637 2072 808 2136 aiiii-merei

411 2193 588 2256 Soaibebem
600 2192 740 2270 Parisiis,
761 2193 889 2258 Kalend.
902 2196 991 2258 Melia
1006 2198 1099 2262 1823.
