3100 4958
262 389 265 398 ¹
318 295 364 364 ιο
730 291 903 364 ιοεααιε
927 292 1029 362 arm

309 465 541 552 βουλευομίνοις
551 470 611 535 δεῖ·
628 467 681 536 διδ
696 473 786 535 τοῦτο
802 466 836 532 lx
843 473 899 551 τῆς
907 467 975 554 περὶ
988 463 1044 551 τὴν
1054 465 1141 552 σιγὴν
1153 467 1290 550 σπουδῆς
1303 463 1418 553 (σιλίν-

309 597 374 638 τιον
390 573 423 637 δ’
443 573 539 656 αὐτὴν
553 574 688 659 πατρίως
708 571 874 654 καλοῦσιν)
892 572 1109 658 σιλεντιαριόυς
1126 570 1245 658 ἔκριναν
1261 569 1418 655 ὀνομάζειν

310 672 431 753 αὐτούς.
456 672 579 743 πάντων
595 677 629 742 δὲ
644 676 752 759 σχεδδν
769 675 990 761 διαλλαγέντων
1001 676 1125 756 διίμεινε
1135 674 1170 742 τὸ
1185 681 1241 743 τοῦ
1256 675 1426 766 λεγομένοινι

309 781 480 866 μαγίστρου
500 777 685 868 φρόντισμα.
737 781 874 844 ίπιίθιτο
900 780 935 844 δὲ
958 779 1041 867 αὐτῷ
1061 776 1146 856 τάξις
1167 803 1214 855 τις
1229 777 1417 862 πεντήκοντα

309 882 363 946 τὸν
379 882 516 970 ἀριθμὸν
533 883 654 970 ἀνδρῶν
660 927 672 962 ,
705 883 741 949 οδ
757 879 995 970 φρουμεντάριοι
1012 885 1063 947 καί
1080 885 1243 970 κονρίιδσοι
1259 891 1442 969 προσηγο-5

310 983 433 1072 ρεάοντο
449 981 514 1051 οἷον
528 992 654 1052 σιτῶναι
669 989 720 1051 καὶ
736 989 902 1074 περίεργοι·
924 989 975 1052 καὶ
991 985 1020 1050 oi
1035 987 1091 1068 μίν
1107 993 1231 1052 σιτῶναι
1248 991 1304 1070 τῆς
1318 985 1418 1070 ιδθη-

308 1091 376 1166 νίας
394 1095 455 1154 τῶν
471 1090 502 1155 ίν
519 1097 564 1178 τῷ
579 1091 717 1180 παλατίιρ
734 1091 904 1174 ἀντείχοντο
910 1137 921 1171 ,
950 1090 980 1156 οἱ
997 1090 1031 1156 δὲ
1045 1092 1197 1179 περίεργοι
1214 1087 1342 1176 ἡγοῦντο
1360 1094 1418 1158 τοῦ

309 1194 459 1276 δημοσίου
476 1191 606 1282 δρόμου.

414 1295 475 1364 27.
525 1291 750 1386 κλαβουλάριος
772 1292 972 1382 δχηματικάς·
1007 1291 1123 1381 κλάβον
1148 1295 1209 1384 γὰρ
1241 1293 1294 1362 τδν
1324 1293 1417 1364 οίακα

309 1404 466 1465 καλοῦσιν.
1425 1407 1461 1462 10

112 1521 125 1534 '
209 1531 236 1583 ρ.
258 1516 293 1573 12
414 1503 476 1572 28·
525 1498 632 1588 βήλωξ
648 1497 737 1583 δξάς,
771 1499 806 1580 δς
823 1505 876 1569 καὶ
892 1499 1166 1590 βεραιδαρικδςῖτι
1186 1503 1238 1568 καλ
1259 1506 1313 1568 νῦν
1331 1499 1416 1586 λίγε-

307 1631 369 1671 ται.
419 1607 584 1693 βεραίδους
607 1607 781 1684 δὲἿταλοΐς
804 1604 880 1672 alane
902 1611 988 1672 δοκεῖ
1003 1605 1076 1682 τοδς
1098 1602 1278 1690 δποζυγίους
1289 1606 1416 1684 ἵππους,

306 1707 379 1796 ὅπερ
405 1710 487 1776 ίστλν
512 1709 608 1778 literar
627 1709 662 1776 τδ
688 1709 806 1796 δ’χημει·
832 1708 907 1776 ὅθεν
928 1713 979 1776 καὶ
1003 1706 1169 1788 δασύνουσι
1189 1707 1359 1796 γράφοντες
1379 1708 1415 1774 rb

304 1811 416 1902 ῥαίδας
437 1812 549 1897 ὄνομα,
575 1815 609 1878 ἐκ
631 1819 688 1879 τοῦ
704 1813 817 1906 ῥηιδίως
841 1812 1048 1901 ἓπιρρήματος
1072 1811 1280 1899 παρήγμίίιον·
1307 1812 1336 1878 οἳ
1353 1811 1415 1899 γάρ

304 1920 468 2004 βιραίδοος
481 1917 554 1994 τοδς
569 1917 680 2003 ῥαίδας
695 1918 779 1994 ἐκτὸς
796 1917 929 2003 λέγοντες
947 1914 1071 2004 σφόδρα
1086 1922 1270 1982 πλανῶνται.
1424 1925 1458 1980 15

408 2019 469 2088 29.
520 2018 727 2107 intuebantur
743 2021 772 2086 oi
791 2019 1030 2104 κατδἛλληνας
1045 2017 1259 2106 καλλιγράφοι.

409 2123 471 2191 30.
522 2119 539 2190 ὃ
563 2123 597 2190 δὲ
610 2129 744 2208 Νουμᾶς
756 2114 846 2201 οὗτος
857 2130 1061 2210 βαρβαρικοῖς
1072 2122 1300 2210 ταραττομίνην
1311 2115 1414 2208 θορά-

302 2231 372 2310 βοις
388 2226 444 2311 τὴν
456 2225 588 2292 Ἰταλίαν
603 2223 738 2312 μεγάλην
748 2224 883 2292 Ἑλλάδα
900 2223 1073 2314 ᾠκονόμησε
1089 2231 1259 2310 κληθῆναι,
1295 2222 1415 2300 πάντας

303 2353 336 2393 τε
352 2330 424 2407 τοδς
440 2327 575 2408 κλειτοὺς
589 2336 650 2395 τῶν
666 2328 845 2418 φιλοσόφων
859 2332 891 2408 ἐξ
905 2331 999 2414 αὐτῆς
1014 2335 1187 2418 προελθεῖν,
1206 2327 1413 2411 Ἐμπεδοκλέα

302 2431 379 2518 λίγα
396 2432 450 2499 τὸν
469 2431 598 2520 φυσικὸν
614 2435 665 2498 καλ
678 2432 791 2511 ἄλλους
804 2433 937 2512 πολλοὺς
952 2432 1012 2520 πρὸ
1020 2433 1257 2521 Ἀριστοτίλους.
1420 2447 1458 2502 20

407 2534 469 2604 31.
518 2539 570 2600 καλ
594 2543 685 2602 τοῦτο
710 2538 744 2602 δέ
768 2537 846 2625 πρδς
868 2545 923 2603 τοῦ
947 2543 1063 2618 Νουμᾶ
1095 2537 1299 2615 διατέθειται,
1332 2532 1411 2601 ὥστε

303 2637 376 2714 τοδς
398 2638 486 2726 ῒερεῖς
507 2645 638 2722 χαλκαῖς
657 2643 787 2724 ψαλίσιν
808 2640 880 2706 ἀλλ’
902 2641 938 2708 οὗ
956 2643 1096 2726 σιδηραῖς
1112 2640 1340 2726 ἀποκείρεσθαι.
1392 2635 1412 2703 ὅ

302 2740 364 2829 γὰρ
386 2743 512 2830 σίδηρος
532 2744 612 2810 κατά
630 2743 702 2821 τοδς
715 2746 954 2833 Πυθαγορείους
975 2750 1014 2832 τῇ
1032 2741 1092 2831 ὕλη
1117 2740 1288 2810 ἀνάκειται·
1312 2743 1412 2826 μέλας

374 2925 389 2977 1
409 2919 457 2976 διδ
471 2921 558 2976 τοῦτο
571 2921 622 2976 εδδ
633 2923 753 2979 Lambee.
765 2923 856 2978 (ludin.
872 2941 899 2995 p.
914 2925 976 2981 208.
1112 2921 1129 2980 5
1147 2917 1290 2994 κοριάοιοι
1299 2922 1369 2994 apud
1379 2923 1410 2978 S.

375 2995 409 3047 12
426 2997 487 3060 poet
503 2991 608 3054 ἵππους
628 2993 724 3046 Ηεείαε
743 2991 821 3062 παρά
839 2990 873 3049 τὸ
892 2988 1075 3065 βεραιδεάεικ.
1213 2993 1246 3050 17
1264 2989 1295 3048 δὲ
1310 2992 1362 3046 add
1375 2992 1409 3048 Ρ.

373 3063 407 3115 18
424 3060 477 3129 τὴν
491 3061 602 3116 Ιταλίαν
615 3057 756 3134 θορύβοις
771 3063 803 3118 P.
906 3065 941 3120 21
958 3057 1015 3132 πρδ
1034 3063 1067 3117 V.

302 3211 465 3267 multitudine
481 3215 638 3270 deliberante
656 3233 722 3287 apua
739 3223 794 3271 erte
813 3235 846 3272 ex
856 3218 956 3272 cilentio
967 3217 1046 3287 igitur
1058 3215 1212 3271 silentiario·
1222 3232 1268 3270 eoa
1278 3215 1410 3270 nominare

301 3283 482 3339 decreverunt.
525 3285 641 3340 omnibua
660 3296 745 3342 autem
767 3289 824 3342 iera
840 3288 944 3340 mutatis
963 3287 1101 3357 permansit
1119 3285 1234 3354 magistri
1250 3286 1294 3355 qui
1311 3285 1410 3339 dicitur

300 3369 410 3418 munna,
427 3353 469 3406 aui
479 3355 590 3424 parebat
606 3357 698 3410 arbore
709 3357 814 3410 militurn
824 3356 1006 3426 quinquaginta
1016 3373 1135 3422 numero,
1154 3356 1197 3424 qui
1209 3355 1369 3408 frumentarii
1380 3361 1410 3408 et

301 3421 395 3474 aurioai
414 3423 640 3492 nuncupabantur3
659 3432 687 3478 at
705 3426 867 3480 frumentarii
883 3442 937 3478 rena
952 3423 1141 3478 frumentariam
1152 3441 1248 3491 eoram,
1265 3423 1346 3493 quiin
1358 3441 1409 3496 pa-

300 3489 362 3544 latio
373 3499 458 3559 erant,
476 3495 609 3558 curabant,
622 3495 715 3548 curiosi
726 3504 810 3566 autern
822 3495 924 3564 publico
938 3495 1022 3548 curaui
1034 3501 1180 3564 praeerant.

369 3561 413 3616 27.
448 3561 594 3616 clavularis
605 3563 750 3617 vectorium
768 3565 868 3618 clavum
882 3564 946 3616 anim
957 3563 1156 3631 gubernaculum
1170 3561 1310 3631 appellant.
1387 3592 1390 3602 ·

368 3631 412 3685 28.
448 3631 531 3684 Velox
543 3631 621 3700 celer,
633 3633 678 3702 qui
688 3633 764 3686 etiam
776 3633 923 3686 veredarius
935 3632 1009 3686 bodie
1022 3631 1122 3684 dicitur.
1156 3631 1245 3684 veredi
1257 3638 1342 3684 autem
1354 3632 1409 3684 lta·

299 3696 331 3750 lia
356 3716 415 3754 area
432 3699 554 3754 videntur
579 3702 638 3770 equi
660 3702 779 3770 rubium,
815 3701 883 3770 quud
910 3707 950 3754 eat
975 3705 1072 3756 vellera
1094 3717 1211 3764 currum
1238 3699 1306 3752 unde
1329 3701 1406 3754 etiam

297 3765 1336 3909 :tll‘tltttlnzt‘lttttl'trtrilibri,llllttltt‘ltlttttt
1361 3769 1408 3840 ‘¹¹¹¹

365 3907 410 3959 29.
444 3907 590 3976 antiquarii
600 3908 678 3962 iidem
691 3909 735 3978 qai
747 3909 856 3962 Graecia
868 3907 1060 3977 καλλιγράφοι.

366 3975 409 4032 80.
442 3975 494 4028 Ηίο
511 3986 597 4030 autem
609 3977 695 4030 Numa
706 3977 820 4044 ltaliam,
837 3979 1006 4032 barbarorum
1020 3995 1087 4048 quae
1098 3975 1299 4047 perturbabatur
1310 3977 1406 4030 tumul·

296 4042 381 4107 libna,
398 4043 436 4095 ita
453 4043 564 4098 instituit
581 4054 610 4100 ut
627 4047 723 4114 Magna
735 4047 850 4104 Graecia
867 4048 937 4101 dicta
948 4047 1131 4116 blemnesque
1142 4045 1204 4100 clari
1217 4045 1361 4114 philuaophi
1372 4063 1406 4100 ex

294 4129 333 4234 ,acal
340 4111 581 4181 proliciacerentur,
597 4113 780 4186 amymonem
792 4115 850 4170 diua
861 4118 994 4190 phyaicum
1010 4124 1037 4172 et
1048 4117 1141 4170 multus
1153 4115 1219 4168 alior
1230 4122 1291 4168 aute
1301 4114 1407 4170 Arieta-

334 4199 382 4236 em.

364 4251 408 4304 81.
441 4250 473 4303 ld
491 4267 594 4334 queque
612 4251 733 4309 cltum
750 4252 893 4308 irretitatnm
911 4257 960 4322 eat,
977 4251 1406 4308 utracerrloteaaeneialorlicibua

295 4317 344 4374 aud
361 4336 413 4374 aba
428 4321 520 4376 lettera
535 4321 713 4378 tundareutur.
747 4325 844 4380 terrum
855 4323 922 4378 euim
932 4339 966 4378 ex
977 4323 1201 4394 Pythagoreorum
1211 4322 1340 4403 εοαιααιίε
1350 4339 1405 4378 ται-
