3100 4958
341 365 415 417 uxu
686 339 800 413 HASH
823 341 881 412 DE
906 341 1114 412 OSTENTIS

342 544 398 610 sed
415 544 493 606 haec
508 553 598 626 egent
613 539 830 627 disquisitionis
842 542 1003 624 longioris:
1023 544 1219 625 inpraesenti
1242 539 1297 625 (ut
1312 539 1378 602 dixi
1393 563 1450 604 su-

342 663 463 748 perius)
483 684 545 725 uon
569 663 660 726 modo
681 667 812 725 abstInui
834 667 871 724 ab
893 665 1067 725 excursibus
1089 661 1280 740 huiusmodi,
1303 664 1357 725 sed
1374 668 1450 724 uni-

341 807 427 849 verse
451 788 542 846 etiam
562 788 595 845 in
617 787 697 846 notis
716 796 747 845 et
771 784 810 844 ad
833 786 955 846 Ostenta
978 795 1009 844 et
1030 783 1069 844 ad
1090 785 1293 864 fragmentum
1314 785 1384 844 libri
1400 787 1448 844 De

342 907 497 968 mensibus
513 924 630 966 summa
646 903 715 964 data
732 915 777 965 est
794 926 884 988 opera
899 917 932 966 ut
950 925 1082 967 essemus
1099 925 1190 986 quam
1203 906 1383 966 brevissimi.

287 1039 325 1101 11
432 1030 525 1087 Erant
537 1028 618 1086 enim
630 1027 662 1084 iu
677 1022 743 1084 cod.
757 1025 913 1085 caseolino
927 1025 1001 1085 folia
1013 1023 1072 1084 duo
1085 1025 1222 1084 abiuncta
1236 1025 1340 1106 (hodie
1355 1025 1448 1085 affixa

343 1147 384 1210 ad
396 1149 513 1230 reliqua
524 1143 626 1224 sunt),
649 1147 832 1205 continentia
845 1143 1047 1223 fragmentum
1060 1147 1129 1204 libri
1142 1147 1188 1204 De
1200 1148 1363 1221 mensibus,
1385 1167 1449 1205 non

343 1271 494 1350 epitomae
509 1267 592 1327 illius
607 1263 704 1326 edltae
719 1266 839 1345 Lipsiae
855 1261 951 1339 1794,
973 1267 1010 1339 8,
1033 1284 1049 1323 a
1064 1267 1187 1325 Nicolao
1202 1265 1359 1342 Schcwio,
1383 1267 1449 1324 cla-

342 1389 461 1447 rissimo
474 1389 538 1446 viro
555 1395 585 1445 et
601 1383 790 1459 doctissimo,
812 1380 865 1442 sed
880 1383 1058 1463 particulam
1072 1387 1166 1466 ipsius
1176 1385 1262 1463 libri,
1286 1395 1449 1467 antequam

344 1506 601 1566 abreviatcribus
626 1506 756 1586 plurima
777 1513 995 1579 resecarentur,
1025 1506 1216 1564 turbarentur
1242 1506 1361 1580 omnia,
1390 1524 1449 1562 nec

220 1649 251 1706 p.
267 1647 330 1688 xxss
347 1628 411 1687 fere
435 1628 597 1706 vestigium
622 1622 825 1705 dispositionis
849 1623 992 1703 pristinae
1018 1625 1245 1708 relinqueretur.
1297 1635 1367 1686 suut
1394 1645 1449 1684 aaa

343 1747 483 1830 pagellae
497 1763 593 1827 aeque
606 1742 813 1804 miserandum
827 1742 858 1800 in
874 1739 1000 1802 modum
1014 1757 1043 1804 et
1056 1747 1172 1806 lacerae
1188 1758 1217 1807 et
1229 1755 1376 1805 vetustate
1393 1742 1450 1804 de-

341 1869 448 1942 tritae3
470 1875 522 1941 ut,
545 1885 615 1925 cum
634 1862 798 1924 meditarer
813 1863 1033 1942 Prolegomena
1049 1867 1082 1923 in
1098 1865 1211 1925 librum
1225 1867 1271 1926 De
1288 1867 1450 1944 magistra-

342 1985 424 2045 tibus
446 1981 538 2066 (vide
553 1979 571 2066 ᾗ
588 1982 629 2047 85
645 2004 677 2064 p.
692 1978 817 2059 ms),
837 1993 976 2061 putarem
998 1982 1158 2042 lectionem
1178 1983 1300 2044 illarum
1323 2004 1362 2042 ne
1379 1994 1449 2044 ten-

341 2107 401 2165 tari
427 2102 551 2186 quidem
575 2121 674 2182 posse.
716 2112 822 2182 postea
844 2099 952 2160 eodem
971 2099 1137 2162 identidem
1156 2105 1282 2180 relatus,
1303 2100 1449 2164 intuendo

343 2220 525 2306 inquirendo
546 2217 700 2280 ariolando
724 2224 838 2300 passim
855 2223 1026 2302 expiscatus
1043 2241 1110 2280 sum
1123 2225 1286 2300 nonnulla;
1308 2245 1385 2308 quae
1405 2225 1450 2285 si-

343 2343 411 2401 mul
436 2361 471 2400 sc
492 2341 626 2421 primum
648 2339 765 2423 aliquid
787 2341 864 2401 lucis
885 2339 1011 2401 fundere
1028 2343 1092 2402 risa
1108 2351 1195 2419 suut,
1218 2354 1247 2402 et
1265 2343 1451 2403 alacritatem

344 2460 399 2543 (ut
414 2459 467 2541 fit)
490 2472 519 2520 et
533 2461 706 2521 facultatem
723 2463 867 2522 maiorem
882 2463 1044 2548 attulerunt
1059 2461 1098 2522 ad
1112 2463 1228 2544 reliqua
1243 2483 1362 2546 quoque
1377 2483 1449 2543 per·

345 2579 513 2663 sequenda.
555 2591 706 2662 postremo
730 2579 807 2641 haec
829 2579 995 2642 deformata
1017 2585 1154 2663 quamvis
1179 2593 1209 2642 et
1233 2585 1360 2664 paucula
1385 2584 1450 2643 fra-

294 2703 295 2710 ’
343 2712 466 2783 gmenta
486 2701 590 2762 libello
609 2702 655 2760 De
677 2703 801 2760 ostentis
823 2702 1001 2781 subiungere
1022 2722 1054 2782 p.
1070 2707 1129 2768 113
1141 2721 1208 2784 sqq.
1228 2723 1289 2762 non
1302 2701 1449 2765 dubitari.

342 2837 517 2904 quanquam
530 2822 605 2881 ratio
620 2817 744 2902 quidem
758 2817 913 2882 dissimilis
929 2823 987 2882 fuit
998 2819 1075 2881 baec
1090 2832 1180 2903 atque
1194 2823 1247 2882 illa
1260 2821 1448 2884 restituendi.

341 2943 374 3002 iu
388 2942 519 3002 ostentis
534 2960 603 3000 oum
615 2941 731 3017 fontes,
753 2937 834 3002 unde
848 2937 948 3002 bausit
966 2939 1086 3024 Lydus,
1107 2943 1227 3023 saepius
1250 2941 1448 3025 deprehendi,

342 3071 410 3122 tum
425 3063 547 3121 omniuo
562 3069 655 3117 tracta
669 3061 767 3139 magis
782 3069 827 3118 est
842 3070 871 3118 et
885 3059 981 3119 fluens
997 3065 1108 3121 oratio:
1130 3073 1200 3122 sunt
1220 3063 1360 3123 circuitus
1378 3081 1450 3122 ser-

342 3181 453 3242 borum
465 3181 632 3260 longiores,
653 3188 704 3256 nt,
725 3178 779 3238 ubi
794 3181 974 3241 constitisset
989 3179 1027 3240 de
1042 3191 1143 3240 mente
1156 3183 1354 3262 interpuncti‚
1376 3201 1450 3262 sup-

342 3299 427 3381 plere
451 3301 706 3358 continuationem
725 3307 819 3372 totam
834 3301 977 3360 orationis
990 3300 1040 3359 rel
1053 3320 1140 3381 posse
1155 3301 1203 3359 rel
1216 3297 1326 3359 audere
1340 3317 1451 3380 coepe-

343 3419 413 3478 rim,
454 3419 487 3476 in
512 3417 589 3477 libro
612 3418 658 3476 De
679 3417 832 3478 mensibus
854 3421 948 3479 oratio
969 3430 1014 3479 est
1038 3431 1068 3480 et
1085 3423 1215 3500 pressior
1230 3431 1260 3480 et
1273 3421 1329 3478 lita
1345 3421 1449 3480 multis

343 3537 509 3599 luminibus
531 3534 684 3599 doctrinae
706 3538 815 3620 (prout
834 3535 914 3622 Lydi
933 3539 1060 3600 facultas
1080 3538 1234 3619 ferebat),
1256 3541 1347 3621 plena
1364 3561 1452 3600 oom-

342 3658 610 3720 memoratlonibus
640 3667 812 3735 auctorum,
846 3667 877 3718 et
896 3655 1039 3739 proinde,
1069 3659 1165 3719 sicubi
1187 3659 1303 3720 laborat
1321 3660 1450 3737 lacunis,

205 3803 235 3860 p.
253 3799 328 3842 xxm
346 3775 478 3838 difficilis
504 3774 544 3838 ad
566 3775 795 3838 restituendum.
836 3779 869 3836 in
891 3774 1078 3838 redundante
1100 3782 1182 3839 anim
1199 3799 1233 3839 ac
1247 3781 1387 3840 subinnui
1402 3782 1450 3840 lo-

346 3895 460 3978 quendi
481 3895 592 3975 figura,
614 3897 699 3972 siob
723 3915 827 3956 casum
846 3895 980 3977 aliquem
988 3895 1179 3958 'desideratur
1190 3901 1378 3975 membrum,
1401 3899 1450 3958 el-

344 4013 419 4094 fingi
431 4011 465 4073 id
477 4023 576 4095 potest
589 4016 631 4073 ita
645 4027 679 4075 ut
692 4016 855 4096 probabilis
870 4027 900 4075 et
915 4036 1008 4098 prope
1020 4038 1092 4078 rera
1108 4021 1254 4078 restitutio
1265 4039 1330 4078 esse
1343 4017 1449 4078 ridea-

344 4143 405 4194 tur.
449 4143 551 4193 contra
562 4135 595 4192 in
608 4153 717 4214 genere
733 4133 854 4196 dicendi
870 4135 978 4195 referto
994 4137 1099 4214 rebus,
1116 4139 1164 4198 iac
1178 4141 1381 4198 narrationem
1395 4137 1448 4214 rei,

313 4271 317 4286 '
344 4251 468 4316 nouum
483 4251 569 4332 libri,
590 4273 702 4315 noman
717 4257 906 4316 solennitatis
924 4255 1129 4337 intercidisse3
1151 4277 1213 4319 nou
1230 4277 1271 4320 ex
1286 4258 1346 4320 alio
1363 4255 1448 4320 codi-
