3100 4958
290 347 335 398 ιι,
580 321 689 393 nasu
714 321 773 390 DE
797 319 955 390 Ioanne
979 317 1099 388 LYDO

291 547 411 590 meuses
426 545 518 610 quam
533 535 597 586 erat
610 525 742 585 Graecae
762 517 921 582 cathedrae
939 517 972 581 iu
987 521 1122 602 Collegio
1140 517 1285 580 Franciae
1298 533 1389 599 prae-

240 705 244 708 ,
291 632 404 706 fectus,
431 635 546 690 virente
567 631 724 688 etiamtum
744 635 842 685 aetate
860 623 1015 705 repentino
1036 621 1197 706 oppressus
1211 621 1317 683 morbo
1334 631 1391 682 eet.

291 735 377 794 cuius
395 733 501 814 optimi
514 730 753 812 sanctissimique
765 729 823 789 viri
840 717 1001 788 immaturo
1021 725 1105 788 obitu
1122 735 1267 808 quantam
1286 727 1390 786 civitae

290 846 393 896 nostra
420 836 454 894 in
478 834 573 894 literis
600 835 747 892 iacturam
772 831 894 907 fecerit,
928 831 1050 891 temetsi
1073 827 1211 890 homines
1231 826 1392 890 historicos

293 957 408 1015 omues,
431 937 537 997 ubiubi
550 937 621 1013 sint,
642 937 812 1016 intelligere
829 934 965 1010 arbitror,
986 943 1090 993 tamau
1105 953 1172 1014 ego,
1195 929 1277 1014 quod
1290 933 1393 1011 ipsum

292 1041 374 1117 novi,
396 1037 478 1122 quod
489 1037 613 1098 domum
629 1039 693 1099 eius
706 1039 906 1122 frequentavi,
922 1032 1004 1118 qnod
1015 1055 1070 1116 per
1085 1036 1201 1118 aliquot
1213 1053 1307 1095 annos
1319 1053 1392 1094 cou-

291 1142 392 1202 tinuoe
413 1161 588 1202 sermonum
611 1139 747 1218 auditor,
779 1139 1065 1201 commentationum
1081 1141 1187 1215 testie,
1224 1135 1393 1199 studiorum

292 1246 418 1304 mirator
431 1245 551 1322 exstiti,
582 1246 678 1305 acrius
695 1244 782 1326 potui
799 1244 926 1305 fortasse
948 1261 1042 1325 quem
1061 1243 1200 1324 plerique
1213 1241 1393 1322 perspicere.

146 1365 175 1422 p.
192 1362 275 1406 nxvn
293 1346 381 1407 mitto
395 1343 552 1406 hominem
565 1348 671 1428 lingua
686 1348 817 1423 Graeca,
847 1355 881 1406 ut
896 1345 1000 1418 nullus
1015 1364 1167 1427 uuquam,
1195 1345 1326 1404 lectione
1342 1343 1393 1401 in-

292 1459 458 1526 structrun3
493 1451 580 1510 mitto
603 1450 750 1512 librorum
771 1448 994 1528 cognitionem,
1029 1448 1117 1508 mitto
1142 1448 1394 1526 inscriptionum:

293 1552 363 1638 quie
384 1553 480 1612 literis
496 1553 609 1614 Italicis
622 1547 788 1614 eruditiori
819 1550 888 1632 quis
907 1550 941 1610 ia
962 1546 1176 1610 cousuetudine
1200 1549 1332 1626 dulcior,
1360 1550 1395 1607 in

294 1651 431 1716 docendo
448 1653 617 1735 copiosiori
659 1655 806 1718 memoria
821 1673 892 1716 vero
906 1661 991 1712 tanta
1008 1664 1071 1712 erat
1085 1662 1115 1713 et
1126 1654 1288 1713 verborum
1302 1661 1333 1712 et
1346 1671 1396 1710 re·

295 1776 373 1836 rum,
395 1767 429 1817 ut
445 1759 546 1818 omnia
561 1775 640 1839 quae
654 1775 791 1840 unquam
803 1757 921 1837 legerat
935 1755 1132 1816 meminisset.
1155 1765 1246 1839 atque
1261 1753 1312 1814 hic
1325 1755 1396 1816 talis

293 1861 342 1923 vir
363 1855 500 1921 discessit
513 1880 532 1920 a
547 1861 653 1937 nobis,
684 1861 787 1920 auium
808 1861 973 1919 etiamtamc
991 1859 1202 1938 vegetissimo‚
1231 1877 1326 1918 annos
1341 1857 1396 1918 vix

293 1970 383 2022 natue
395 1961 454 2039 553
484 1965 719 2045 necquicquam
738 1981 779 2021 ex
802 1964 921 2041 magnis
941 1963 1080 2044 operibus
1097 1979 1174 2043 quae
1190 1981 1308 2022 aninmo
1326 1979 1398 2020 cum

292 2062 397 2149 labore
410 2074 441 2124 et
453 2063 610 2146 diligentia
623 2061 831 2140 inchoaverat,
853 2082 992 2147 quaeque
1008 2066 1104 2128 vitam
1119 2067 1166 2125 illi
1182 2064 1273 2124 dubio
1291 2061 1397 2144 procul

294 2176 467 2246 reparatura
484 2176 582 2242 arant,
608 2166 714 2249 spatiis
727 2166 869 2225 exclusus
881 2167 995 2250 iniquit
1008 2170 1178 2251 relinquere
1192 2170 1290 2247 potuit
1306 2167 1398 2226 absc-

292 2265 410 2344 iutum3
439 2265 587 2357 desiderio
608 2278 711 2327 autem
729 2264 899 2327 incredibili
915 2267 1016 2330 affecit
1029 2289 1100 2330 cum
1113 2273 1297 2331 necessarios
1315 2289 1397 2344 euos,

293 2365 434 2430 homines
455 2390 606 2448 summos,
627 2381 695 2431 tum
713 2389 764 2429 me
780 2371 897 2450 ipsum,
916 2374 965 2434 cui
984 2374 1052 2433 loco
1072 2375 1165 2453 patris
1190 2393 1309 2454 semper
1328 2373 1397 2431 suit

294 2482 387 2552 atque
404 2469 442 2530 de
459 2474 531 2550 illo,
561 2473 706 2556 quoniam
723 2493 779 2555 pro
802 2475 1031 2556 incomparabili
1045 2476 1111 2536 eius
1132 2495 1203 2556 erga
1219 2495 1269 2536 me
1285 2477 1399 2555 pietate

293 2573 380 2654 paria
397 2577 570 2655 persolvere
588 2596 726 2660 nequeo,
756 2577 839 2662 quod
850 2599 947 2640 uuum
960 2579 1064 2662 potui,
1093 2575 1169 2639 haec
1183 2597 1252 2638 cum
1265 2579 1399 2638 lacrimis

295 2677 412 2757 scripsi.

238 2780 281 2848 31
379 2779 433 2841 Vir
445 2790 547 2842 autem
560 2780 687 2843 illustria
700 2779 739 2842 de
753 2780 914 2860 choiseul,
943 2780 984 2846 ad
998 2803 1092 2866 quem
1104 2781 1234 2846 redierat
1248 2777 1330 2863 Iaydi
1345 2799 1400 2840 co·

296 2878 368 2958 dex,
390 2880 555 2944 editionem
568 2904 693 2966 operum
707 2886 772 2946 eius
784 2883 862 2945 mihi
878 2896 950 2946 turm
966 2887 1087 2950 volebat
1102 2887 1300 2947 committere.
1341 2902 1400 2942 ne-

297 3003 358 3067 que
379 2981 502 3046 hercule
521 2997 585 3048 erat
605 3006 641 3047 ea
661 2990 816 3069 provincia
835 2989 934 3050 aliena
955 3009 973 3048 a
992 2992 1158 3052 rationibus
1173 2991 1268 3062 meis3
1287 3005 1401 3067 neque,
1448 3023 1453 3036 ι

297 3089 325 3148 si
338 3089 389 3148 vel
403 3091 538 3151 maxime
550 3091 675 3168 ferisset,
705 3111 906 3170 recusassem,
932 3111 1043 3174 nempe
1063 3113 1103 3152 ue
1125 3090 1237 3152 diutius
1255 3090 1401 3169 scriptore

297 3188 415 3250 erudito
432 3203 551 3252 nostrae
569 3193 674 3253 literae
695 3205 840 3253 carerent.
889 3192 945 3254 sed
960 3194 1067 3256 accidit
1084 3215 1120 3254 eo
1137 3197 1204 3275 ipso
1216 3203 1353 3272 ternpore
1366 3201 1402 3250 nt

148 3299 282 3358 bexvm
298 3309 317 3350 a
335 3293 496 3372 praefectis
517 3293 717 3356 bibliothecae
740 3297 907 3377 imperialia
927 3296 1062 3360 custodia
1077 3299 1260 3356 Graecorum
1273 3295 1401 3354 Latino-

297 3413 426 3478 rumque
451 3394 589 3456 codicum
608 3396 686 3458 mihi
707 3396 911 3458 mandaretur.
954 3399 1037 3482 quud
1065 3399 1198 3460 officium
1221 3408 1255 3458 ut
1267 3399 1403 3479 primum

299 3500 399 3576 tenui,
429 3519 535 3560 omues
554 3520 640 3562 curae
662 3503 857 3581 cogitationes
876 3499 977 3562 studia
998 3500 1039 3563 ad
1058 3523 1152 3564 unam
1173 3521 1313 3562 revocare
1335 3519 1403 3560 rem

299 3602 447 3681 oportent,
468 3599 667 3686 codicumque
684 3605 869 3665 Graecorum
885 3607 1021 3666 omniurn
1035 3604 1183 3688 proximis
1198 3603 1402 3686 superioribus

299 3704 388 3764 annis
408 3724 449 3764 ex
469 3708 560 3767 variis
579 3709 683 3768 Italiae
708 3707 827 3790 oppidis
848 3729 926 3792 eque
945 3710 1019 3770 urbe
1041 3710 1109 3790 ipsa
1132 3710 1166 3767 in
1184 3705 1403 3769 bibliothecam

300 3821 512 3890 congestorum
533 3813 702 3872 notationes
726 3811 887 3890 conficere,
916 3831 979 3872 non
1000 3832 1078 3895 quae
1098 3812 1223 3873 uomina
1246 3821 1403 3870 annorum

300 3911 464 3995 titulosque
483 3934 609 3994 operum
628 3911 725 3975 nudos
739 3911 900 3991 habereut,
932 3913 987 3976 sed
1009 3935 1087 3998 quae
1110 3925 1239 3974 aetatem
1260 3913 1403 3972 virtutem

301 4026 479 4092 argumenta
499 4015 637 4076 codicum
658 4028 795 4078 accurate
816 4017 1002 4094 indicarent,
1032 4029 1067 4076 ut
1088 4013 1232 4100 quicquid
1256 4014 1402 4094 cuiusque

300 4118 431 4176 auctoris
452 4115 561 4176 inediti
580 4116 691 4179 editive
711 4121 745 4178 in
764 4122 893 4202 singulis
914 4121 997 4181 foliis
1022 4122 1293 4198 manuscriptorum
1312 4123 1402 4189 esset,

302 4235 364 4278 uno
383 4227 506 4298 aspectu
527 4233 767 4298 cognosceretur.
816 4226 860 4284 ita
880 4223 1014 4284 invelavi
1034 4223 1068 4282 in
1091 4219 1169 4282 hanc
1186 4238 1319 4300 operam
1340 4235 1404 4276 non

302 4319 394 4384 modo
413 4323 499 4386 iussu
519 4321 740 4405 praefectorum
760 4323 976 4404 bibliothecae,
1016 4322 1072 4388 aad
1092 4325 1207 4404 impetu
1228 4323 1319 4384 etlam
1342 4321 1404 4380 acri
