3100 4958
529 303 875 376 COMMENTARIUS.
1216 301 1261 371 rx'

145 505 233 568 rebat
252 502 476 588 praefectorum
495 507 739 570 eommutatioue.
792 503 832 568 sd
861 506 1104 589 augustalitatem
1129 524 1251 590 quoque

145 621 239 692 atque
260 607 338 670 adeo
351 607 569 690 progrediente
585 623 681 672 aetate
696 611 735 674 ed
751 614 936 674 corniculum
947 611 1097 692 pervenit,
1119 613 1252 691 quierat

145 713 346 772 militantium
365 714 398 772 iu
417 713 536 774 actiuiia
553 712 665 792 gradus
687 735 757 776 cum
780 715 984 796 amplissimus
1006 723 1071 773 tum
1087 714 1179 772 etium
1192 713 1251 772 flo-

147 825 232 876 rente
243 817 393 896 praetorio
404 816 539 876 maxime
552 817 739 878 fructuoauar
760 817 945 878 tribuebatur
959 818 1040 876 enim
1049 836 1104 896 per
1116 835 1252 875 unnumu
1270 893 1273 898 1

146 920 298 1000 spatium,
321 937 376 999 pm
396 919 549 980 minorum
568 919 736 982 officiorum
752 917 880 980 honeste
895 917 1088 979 decursorum
1105 921 1249 999 proemio,
1267 934 1296 989 p·
1314 931 1357 972 ¹11

147 1019 321 1082 bortrinibus
339 1021 552 1082 benemeritis
574 1041 608 1081 ao
627 1024 787 1082 veterauir.
829 1019 884 1084 aed
903 1018 1023 1104 Lydus,
1045 1041 1114 1082 cum
1128 1023 1205 1082 oiroa
1222 1041 1249 1082 a.

150 1122 259 1184 Christi
275 1123 336 1191 651
354 1143 390 1184 eo
405 1124 584 1200 emersisset,
603 1137 722 1206 praeter
735 1144 821 1206 spem
834 1126 935 1184 emisit
947 1133 1045 1184 totum
1058 1123 1146 1202 illud,
1169 1123 1252 1207 quod

151 1237 212 1287 erat
228 1245 283 1307 spe
299 1223 493 1303 devoratum,
515 1227 745 1288 cornicularium
757 1229 885 1287 lucrum.
927 1224 1033 1285 inuidit
1046 1229 1128 1285 enim
1142 1228 1175 1286 in
1189 1229 1252 1285 mi·

151 1329 310 1390 aerabilem
338 1329 525 1388 eversionem
552 1329 719 1392 officiorum
746 1334 973 1410 maximamque
997 1330 1253 1409 perturbationem

152 1429 327 1511 disciplinae
338 1433 448 1492 veteris
461 1449 496 1492 ao
509 1429 740 1495 diminutionem
751 1435 954 1515 vectigalium,
977 1453 1013 1492 eo
1028 1453 1124 1514 usque
1136 1442 1170 1490 ut
1182 1450 1254 1490 oum

151 1546 238 1594 autea
247 1513 462 1595 eomieirtartus
474 1553 530 1594 auo
543 1555 622 1596 auno
635 1557 678 1598 ex
691 1537 756 1597 sola
764 1547 899 1597 sotorum
907 1537 1123 1617 subscriptione
1133 1543 1253 1615 caperat

151 1657 210 1700 non
221 1639 326 1698 mitius
338 1639 423 1696 mille
437 1637 560 1715 solidos,
574 1637 680 1720 Lydus
693 1639 847 1700 confirmet
863 1644 882 1705 8
903 1640 945 1705 25
962 1659 994 1720 p·
1007 1639 1070 1704 218
1088 1639 1110 1701 3
1128 1657 1161 1698 se
1174 1633 1253 1694 nibil

151 1752 217 1822 post
234 1739 393 1802 diuturnos
411 1741 530 1802 labores
550 1761 643 1824 quem
662 1761 776 1803 renum
792 1761 905 1802 nomeu
923 1751 1132 1817 consecutum,
1152 1758 1254 1822 neque

43 1921 47 1934 ι
149 1863 168 1902 a
186 1845 325 1924 principe
345 1861 445 1925 nequa
467 1863 509 1905 ex
525 1845 774 1926 completionibus
796 1843 895 1926 (quae
917 1854 1002 1904 eraut
1021 1863 1092 1924 pars
1108 1841 1253 1924 stipendii

151 1948 353 2008 comioulariia
366 1945 538 2028 constituti)
559 1950 709 2028 accepisse
720 1967 847 2008 uumum
857 1946 965 2026 ullum,
987 1947 1117 2030 denique
1131 1965 1254 2006 omnem

150 2049 212 2108 lara
223 2051 305 2108 vitae
319 2051 479 2130 superioria
494 2051 625 2112 fructum
637 2049 816 2133 perdidisse.
840 2051 882 2109 ite
894 2051 1006 2110 librum
1020 2048 1058 2111 de
1067 2048 1254 2128 Megirtreti-

150 2152 205 2214 bus
221 2153 398 2232 conscripsit
410 2173 528 2214 summo
543 2173 612 2214 cum
625 2151 782 2214 stomacho
798 2163 888 2235 atque
901 2151 1057 2214 iracundia
1071 2149 1253 2228 incredibili,

128 2239 132 2248 '
151 2255 343 2338 querensque
355 2263 452 2316 emm
465 2233 600 2316 esino:
622 2255 713 2320 ees
732 2258 772 2320 12
787 2259 890 2338 peoo
904 2259 933 2334 1,
949 2261 1010 2322 207
1026 2257 1069 2321 se
1083 2265 1113 2314 e
1125 2254 1188 2319 soe
1201 2254 1255 2316 12.

151 2377 206 2416 neo
217 2359 262 2416 iu
277 2357 409 2416 multum
422 2357 541 2420 ridetur
553 2360 652 2420 luctus
663 2361 781 2419 levatus
795 2376 861 2418 ease
874 2361 939 2420 eiua
950 2359 1005 2419 illo
1020 2359 1138 2433 solutio,
1160 2352 1255 2437 quod,

151 2461 178 2520 si
194 2462 297 2520 minua
316 2459 483 2542 stipendio,
505 2463 600 2542 gloria
617 2473 695 2523 certe
710 2483 746 2522 ac
759 2462 849 2523 laude
863 2471 968 2522 auctus
986 2471 1049 2538 est,
1072 2479 1141 2520 oum
1156 2478 1174 2517 a
1189 2458 1255 2518 col-

152 2563 227 2644 legia
241 2563 411 2624 officiorum
432 2563 473 2646 (8
494 2569 536 2630 27
556 2583 588 2646 p·
602 2565 667 2630 220
686 2568 727 2628 21
747 2576 777 2625 et
788 2587 820 2646 p·
835 2569 898 2631 223
922 2563 962 2644 1)
985 2573 1051 2652 tum
1065 2561 1255 2643 apraefaotis

151 2666 285 2747 ipsisque
307 2667 554 2746 imperatoribus,
579 2665 674 2750 idque
695 2669 832 2726 maxime
854 2666 972 2728 duobus
993 2664 1137 2741 decretis,
1160 2665 1256 2723 altero

152 2769 334 2850 pragmatico
348 2771 506 2830 Iustiniani
526 2768 567 2850 (3
587 2773 631 2834 29
651 2791 682 2850 p.
696 2772 760 2836 222
780 2765 841 2850 2),
863 2788 924 2851 quo
937 2769 1092 2830 extollitur
1104 2763 1185 2848 Lydi
1199 2763 1256 2824 do-

151 2872 246 2932 ctrina
264 2871 395 2949 eximia,
407 2873 538 2953 *poetica
555 2869 731 2949 suavitudo,
753 2871 881 2933 eruditio
902 2873 1030 2947 Latino,
1061 2871 1255 2929 eonferrmtur
1269 2887 1298 2942 p.
1318 2885 1371 2926 rrrr

151 2973 296 3036 imbus
310 2972 477 3057 quaedam,
498 2976 586 3056 plura
600 2975 833 3054 promittuntur,
855 2971 958 3034 addito
974 2971 1095 3034 hortatu
1111 2981 1145 3031 ut
1156 2972 1256 3053 pluri-

149 3077 208 3140 bus
231 3079 347 3140 uiribus
367 3080 533 3159 porrigeret
550 3077 653 3138 lucem
672 3078 807 3158 ingenii3
840 3095 901 3160 quo
923 3075 1016 3138 lauda
1036 3079 1176 3136 iuoenaua
1199 3093 1254 3154 per

151 3179 276 3264 aliquod
291 3191 412 3262 tempus
426 3192 472 3243 ast
484 3181 605 3262 publice
617 3182 720 3240 nescio
735 3179 811 3262 quid
825 3181 995 3261 professus,
1016 3181 1152 3260 linguam
1166 3179 1254 3238 Lati-

151 3301 239 3360 nam,
262 3285 388 3364 opinor,
413 3285 465 3346 vel
486 3285 649 3360 Graecum
679 3285 774 3344 altero
796 3281 941 3345 honestae
964 3285 1117 3344 missionis
1146 3281 1189 3362 (3
1211 3283 1254 3344 30

150 3389 253 3466 9323
276 3384 336 3470 15)
358 3407 438 3448 auno
451 3387 540 3465 562,
551 3385 675 3448 sedente
686 3389 719 3446 iu
732 3395 876 3468 suggestu
888 3384 1060 3468 Hephaesta
1072 3409 1104 3468 p.
1119 3405 1162 3468 p.,
1186 3402 1256 3444 oum

151 3500 218 3570 post
231 3508 380 3550 annorum
389 3489 432 3556 40
441 3493 596 3566 mensium
609 3489 631 3554 4
643 3491 800 3566 militiam,
821 3499 970 3550 mensaoto
983 3491 1135 3550 courioulo
1147 3489 1255 3565 cingu-

151 3591 243 3674 loque
271 3590 426 3674 deposito,
453 3595 643 3674 sexagesimo
670 3591 802 3655 secundo
827 3595 933 3652 aetatis
953 3611 1032 3652 euno
1054 3594 1087 3650 in
1107 3589 1255 3670 palatium

151 3697 305 3772 transiret,
326 3696 442 3758 iuribus
457 3699 644 3778 annoniaque
658 3691 850 3757 emeritorum
862 3695 1018 3754 fruiturum.
1062 3713 1122 3776 quo
1140 3693 1173 3750 in
1192 3693 1254 3752 otio

151 3795 192 3856 ad
211 3796 404 3858 scribendum
425 3807 522 3858 totum
535 3817 568 3858 ae
582 3801 727 3876 contulit,
747 3799 813 3857 fere
832 3807 967 3877 tempore
979 3793 1087 3858 eodem
1102 3817 1162 3880 quo
1177 3797 1255 3856 Pro-

151 3903 256 3980 copius
269 3901 488 3976 Caesariensis,
511 3903 678 3981 imperante
692 3903 850 3960 etiamtum
863 3901 1041 3962 lustinieno.
1083 3903 1133 3960 cui
1147 3918 1186 3958 eu
1200 3919 1254 3960 su-

151 4015 266 4082 perstes
280 4005 374 4064 fuerit
390 4006 598 4086 lustinumque
614 4003 780 4079 iuniorem,
808 4005 863 4084 qui
880 4007 1023 4064 suecessit
1039 4021 1069 4063 a.
1081 4001 1159 4076 666,
1181 4003 1254 4060 atti·

152 4107 245 4184 gerit,
266 4103 351 4166 haud
370 4107 448 4168 saio:
475 4107 582 4167 fuisset
602 4116 669 4167 tum
690 4123 838 4167 annorum
859 4103 912 4170 75.
955 4126 1033 4188 quae
1053 4103 1177 4186 quidem
1197 4105 1253 4164 sub

153 4209 219 4269 eiua
239 4211 362 4274 nomina
382 4219 500 4274 serreta
516 4219 604 4291 aunt,
634 4226 671 4270 aa
691 4218 775 4272 oarte-
789 4210 891 4272 omuio
914 4209 970 4272 sub
992 4208 1158 4273 tuatiuiauo
1177 4207 1254 4268 sori-

151 4311 224 4390 etit
1270 4321 1273 4328 ’
