3100 4958
524 311 868 434 comminutus.
1199 335 1245 382 nv
1272 319 1274 326 ’

128 513 285 580 credibile
304 523 365 590 est,
386 511 441 574 ills
463 511 527 575 iere
551 514 653 576 ornain
668 513 834 576 innrirent.
876 511 1006 589 cwedit,
1026 513 1111 597 quod
1123 519 1244 598 copiose

127 629 284 698 excerpta
303 618 336 675 in
356 613 581 696 Theophylaoti
598 613 755 678 buteriam
775 638 818 679 ex
836 621 968 678 loannea
984 619 1091 678 tralata
1100 618 1244 682 homines

127 721 173 782 ad
201 719 286 780 hanc
310 717 539 778 describendam
561 720 716 799 segniores
740 719 865 782 reddere
890 719 1068 782 debnerrmt.
1110 726 1154 784 ita
1177 727 1243 786 eins

126 821 258 884 codices
270 822 418 903 paulatim
432 832 632 898 annuerunt,
651 833 769 903 praeter
780 820 872 884 dnos:
891 820 1002 884 borum
1016 825 1145 886 alterum
1159 845 1240 888 nro.

129 929 176 988 12
191 925 286 1004 cpoli
297 926 377 984 inter
388 925 494 984 Annae
509 925 681 986 domnam
697 944 806 986 manns
819 925 913 988 fuce
926 925 1031 1003 video,
1053 945 1130 1010 quae
1143 931 1239 990 iuter-

127 1025 209 1086 dmn
230 1035 311 1088 ntor
329 1027 412 1088 locos
431 1029 567 1104 loannis,
588 1038 622 1088 ut
638 1039 685 1090 est
697 1027 896 1090 contentiosus
911 1033 1051 1110 scriptor,
1073 1033 1239 1112 usurpavit,

127 1147 251 1212 eosque
269 1127 397 1190 totidem
412 1130 511 1192 verbis
523 1133 558 1192 in
570 1131 772 1190 narrationem
785 1131 891 1192 funin
904 1134 1055 1194 transtulit
1067 1151 1170 1209 mam,
1192 1135 1239 1194 nl-

127 1243 238 1294 ternm
260 1233 328 1313 ipse
352 1229 537 1312 deprehendi
561 1235 640 1294 inter
665 1236 825 1296 Vaticanus
846 1232 934 1294 codd.
958 1237 1087 1296 Graecos
1109 1237 1239 1298 Parisios

128 1345 338 1411 meretoc,
369 1333 473 1398 oham
497 1337 610 1396 cariosa
631 1354 710 1397 saec.
733 1339 772 1400 15
792 1337 950 1417 scripturn.
991 1338 1110 1419 quoin
1136 1337 1238 1399 codice
1255 1359 1283 1414 p.
1304 1360 1354 1398 xrr

129 1457 231 1521 quem
251 1437 354 1499 solnm
378 1449 470 1522 atqua
496 1459 592 1502 nuum
615 1457 772 1520 superesse
798 1439 940 1517 arbitror,
962 1441 1137 1521 aegreiero
1160 1439 1239 1502 nibil

128 1540 386 1623 quamprimum
406 1544 507 1623 operis
527 1539 622 1624 τόμον
638 1561 798 1622 superare,
822 1561 881 1602 nec
902 1543 992 1602 illurn
1010 1542 1134 1626 quidem
1157 1545 1238 1604 inte·

128 1663 234 1726 grum.
277 1644 380 1723 ipsum
394 1656 548 1708 renorma
566 1646 620 1704 alii
635 1655 708 1704 enm
720 1647 833 1704 Ioanne
848 1645 1035 1706 Andocheno
1051 1644 1238 1708 Scholastica
1299 1643 1301 1646 ’

127 1743 305 1829 patriarcba
329 1745 487 1828 cpolitano
509 1745 726 1822 oonlirdetnnt,
747 1745 799 1806 alii
817 1765 889 1806 cauri
908 1751 1021 1808 Ioanne
1034 1751 1163 1827 blalela,
1184 1751 1238 1810 alii

128 1854 240 1931 cliter3
271 1869 330 1912 nec
356 1853 487 1930 reperire
509 1851 596 1933 potui
618 1851 671 1932 qui
694 1847 922 1912 disfinetitude
944 1853 998 1912 illo
1022 1863 1125 1932 ageret
1146 1871 1239 1936 quarn

127 1959 226 2016 ilar.
240 1955 343 2018 Valet.
354 1951 405 2012 ed.
418 1954 542 2034 Evagrii
555 1955 698 2014 motet.
713 1955 840 2034 p-122:
862 1955 976 2037 quippe
998 1954 1153 2016 Fabricius
1172 1957 1239 2035 ipse

128 2055 278 2119 biblioth.
292 2057 400 2118 Graec.
414 2057 477 2126 rol.
492 2061 512 2121 6
525 2077 556 2138 p.
571 2059 636 2122 686
653 2077 725 2118 euru
738 2060 884 2118 Ioannem
898 2053 1120 2118 Antiochenam
1136 2061 1239 2119 norni-
1368 2065 1369 2070 ’

137 2172 199 2238 nat,
217 2159 396 2244 quasivero
410 2160 560 2240 Euagrius
582 2159 658 2244 (qui
674 2161 706 2220 in
721 2159 845 2220 loeoibi
860 2158 1027 2221 allabricio
1040 2160 1239 2222 durcleru-

75 2263 79 2273 '
138 2280 200 2324 nanu
210 2263 351 2345 appellnt
363 2263 461 2324 civem
473 2261 583 2344 suum)
604 2261 765 2324 Antiochia
778 2264 886 2340 fuerit,
906 2282 967 2324 non
981 2261 1166 2344 Epiphania.

211 2369 328 2432 verum
347 2363 424 2428 haec
444 2363 483 2428 de
500 2369 613 2428 Ioanne
631 2366 762 2427 breviter
780 2367 962 2447 perstrinxi,
984 2377 1019 2426 nt
1034 2362 1234 2448 quemadm-
1253 2373 1275 2436 8

131 2465 207 2530 dunr
220 2469 420 2531 Orientalium
429 2471 654 2550 provinciarum
669 2471 790 2532 saeculo
804 2475 826 2538 7
841 2469 1004 2531 amissione
1015 2469 1086 2528 libri
1099 2470 1239 2549 complu-

132 2574 200 2634 rimi
224 2573 319 2636 simul
341 2574 533 2650 evanuerint,
563 2593 623 2632 uno
650 2571 793 2654 exemplo
818 2575 1015 2655 ειΡΙὶωηιιι.
1057 2591 1115 2632 nec
1136 2573 1237 2634 minus
1331 2650 1334 2656 Ι

132 2673 210 2756 Lydi
232 2676 330 2736 multa
351 2675 538 2756 exemplaria
552 2673 661 2736 menn
674 2673 816 2736 incendio
831 2677 1016 2758 conflagrare
1028 2694 1153 2736 neces„
1167 2675 1236 2752 ficit,
1253 2680 1262 2701 ‘

130 2779 306 2857 praesertim
325 2777 353 2837 ri
371 2783 545 2858 reputemus
562 2779 684 2860 Syriam
699 2789 730 2838 et
743 2781 937 2861 Aegyptum,
958 2789 1024 2840 tum
1038 2797 1159 2860 semper
1171 2789 1238 2840 tum

130 2881 264 2942 maxime
291 2889 380 2942 sexto
405 2883 595 2963 septimoque
617 2883 756 2959 saeculo,
782 2883 969 2964 receptacula
988 2883 1082 2943 trine
1101 2883 1238 2963 magicae

128 2979 332 3065 fatidicaeque
357 2981 551 3065 disciplinae,
584 2983 835 3069 philosophisque
862 2997 894 3048 et
918 2985 1078 3066 astrologis
1098 2985 1235 3062 miertns,

127 3087 269 3146 cenatica
288 3087 533 3170 conquirentibus
558 3087 789 3150 mathematicos
809 3109 846 3150 ac
862 3089 1029 3169 irrigaretur
1046 3089 1150 3150 libros.
1193 3089 1237 3149 ita

126 3189 258 3250 raritatis
274 3187 410 3250 codicum
423 3188 504 3271 Lydi
517 3191 663 3251 Arabicus
677 3193 825 3252 tumultus
841 3191 960 3254 videbar
973 3211 1034 3252 una
1046 3213 1112 3253 esse
1124 3209 1232 3269 canen
1250 3215 1278 3271 p.
1298 3215 1336 3252 xx

125 3293 222 3353 altera
235 3293 383 3368 funerea,
405 3292 487 3375 quod
507 3305 611 3356 aucwr
626 3305 783 3374 suspectas
800 3305 880 3356 esset
895 3294 933 3355 de
950 3296 1115 3376 religione:
1136 3295 1236 3375 capita

125 3397 210 3456 enirn
222 3397 289 3458 aius
303 3417 342 3455 ex
355 3399 526 3477 aruspicina
540 3399 726 3480 scientiaque
741 3400 878 3480 augurali
891 3401 986 3480 petita
996 3397 1160 3460 offendisse
1174 3397 1235 3458 ho·

125 3499 245 3558 rninnrn
270 3501 387 3562 annuos
407 3502 487 3562 inira
506 3501 621 3580 patebit
636 3511 892 3582 punctura
910 3523 927 3562 a
944 3499 1048 3562 Photii
1063 3503 1236 3582 leonisque

125 3600 263 3660 means
276 3603 367 3677 locis3
389 3623 468 3686 quae
482 3602 607 3687 quidem
619 3603 735 3665 invidia
748 3603 913 3688 quosdam,
934 3607 988 3685 qui
1000 3606 1034 3664 in
1044 3603 1235 3664 monasteriis
1369 3662 1377 3677 ,

126 3701 244 3764 codices
267 3702 495 3785 describebant,
526 3709 725 3788 promptiores
746 3710 873 3770 fortem
898 3704 1032 3768 reddidit
1056 3703 1098 3765 ad
1115 3707 1234 3766 unin-

127 3805 277 3883 guendnm
300 3810 365 3869 eius
391 3813 570 3870 memoriam
591 3830 686 3892 quarn
706 3809 748 3871 ad
762 3808 999 3892 propagandam.
1040 3810 1129 3870 tertia
1144 3827 1233 3870 musa

126 3910 254 3970 raritatis
277 3909 416 3972 codicum
437 3912 518 3993 Lydi
538 3925 585 3974 est
608 3913 791 3994 excerpendi
811 3909 963 3990 studium,
984 3909 1069 3994 qnod
1083 3914 1234 3973 hramrnt

125 4011 270 4090 Graecos,
293 4023 328 4075 nt
347 4034 407 4097 quo
428 4019 496 4100 quir
520 4028 599 4079 esset
618 4021 716 4098 magis
737 4017 839 4076 varius
852 4025 883 4073 et
893 4019 1106 4098 quaestionum
1123 4013 1232 4096 plenus

125 4113 219 4191 liber,
241 4136 278 4176 eo
294 4121 441 4180 maiorem
454 4121 655 4182 breviandum
667 4121 786 4180 turbam
801 4121 972 4196 allectaret3
995 4122 1048 4202 qui
1061 4129 1174 4202 quanta
1191 4119 1233 4178 li-

124 4221 196 4276 teris
219 4222 328 4278 ιιοείτίι
350 4220 528 4284 detrimenta
551 4227 757 4306 importarint,
779 4243 850 4284 cnm
869 4225 956 4284 iactis
977 4221 1231 4296 deflorationibus,
1270 4200 1276 4212 ⁵

125 4329 158 4377 ut
173 4321 297 4382 illornrn
315 4324 406 4387 uerbo
428 4336 512 4403 utar,
542 4330 609 4408 ipsa
635 4349 725 4410 opera
748 4331 990 4410 negligerentur,
1024 4335 1093 4406 post
1115 4327 1231 4386 lustum
