3100 4958
338 353 385 404 nx
674 331 786 402 nasu
810 331 869 400 DE
893 329 1101 402 ostanus

337 534 440 617 pass
459 503 514 618 18}
532 527 582 600 tet
592 530 650 617 τὴν
661 532 806 618 βασιλέως
817 529 883 618 ἥξει
896 528 1007 618 χάραν,
1020 530 1207 616 apertissime
1219 527 1353 593 iudicare
1360 529 1440 592 Gae-

337 673 440 714 sarum
450 651 550 713 firmas
562 657 625 715 ism
634 654 894 736 ac'stabilesopes3
909 649 989 741 scirpi
1000 658 1040 742 τῇ
1053 654 1186 737 βασιλίδι
1197 651 1248 718 sol
1262 658 1326 728 soie
1341 646 1440 734 αὔτῆς

248 787 323 830 mu
338 773 463 851 τέκνοις,
474 773 575 855 usto
593 773 642 852 15,
655 775 752 835 vereri
765 795 799 836 ss
812 785 847 835 ut
860 777 948 836 aliter
956 775 1051 855 accipi
1062 777 1158 856 possit
1165 793 1257 856 quarn
1265 770 1303 832 de
1311 773 1440 851 coniuge

337 897 525 977 imperatoris
538 896 662 976 eiusque
674 893 788 955 liberis.
811 913 889 976 quae
903 895 1043 977 legantur
1055 916 1087 977 p.
1095 895 1157 962 287
1164 895 1207 954 in.
1222 891 1259 954 de
1268 891 1442 952 belloAiri-

339 1035 431 1091 cnuo,
462 1023 579 1073 tautum
599 1010 637 1073 de
657 1012 801 1076 Vandalis
825 1025 971 1098 quantum
994 1011 1032 1073 de
1050 1013 1161 1074 Poenis
1181 1033 1270 1095 posse
1291 1009 1441 1089 intelligi3

339 1153 416 1219 quae
426 1155 457 1215 p·
467 1129 531 1200 347
547 1131 567 1198 4
590 1131 638 1216 (oi
652 1134 744 1216 δῆμοι
760 1155 789 1196 rt.
801 1155 827 1197 τ.
840 1130 894 1215 t),
916 1131 954 1193 dc
968 1135 1082 1194 Veneta
1093 1131 1279 1214 Prasiuaquc
1291 1132 1441 1190 factione:

337 1257 411 1340 quin
426 1256 487 1313 imo
507 1273 583 1336 quae
595 1257 697 1352 P'aeo
712 1257 733 1320 8
748 1251 788 1314 ad
803 1254 961 1315 Decembr.
970 1258 1001 1330 8,
1024 1249 1061 1313 do
1075 1253 1173 1312 camis
1187 1271 1241 1312 asu
1253 1251 1372 1331 legibus
1386 1269 1442 1307 ec-

338 1375 448 1436 clesiae
463 1372 640 1452 interdict03
663 1393 739 1458 quae
753 1395 785 1456 p.
798 1375 880 1452 332,
902 1371 941 1433 de
958 1371 1081 1434 dissidio
1098 1373 1252 1453 religionis
1266 1387 1355 1430 eausa
1370 1367 1442 1426 exi-

339 1507 448 1557 stente.
491 1515 547 1576 ego
567 1492 606 1554 ad
619 1491 695 1554 haec
707 1494 826 1575 singula
836 1491 914 1554 nihil
926 1491 1024 1554 habeo
1040 1491 1156 1554 dicere:
1176 1501 1295 1552 tantum
1310 1490 1395 1550 abest
1405 1497 1442 1546 ut

338 1613 419 1697 Lydi
433 1616 654 1676 lucubrationes
667 1625 786 1696 praeter
798 1613 925 1675 modurn
937 1615 1083 1676 extollere
1092 1610 1256 1689 laudando,
1276 1613 1440 1691 levareque

339 1735 524 1816 suspiciones
541 1747 632 1819 atque
649 1736 687 1796 ab
705 1735 760 1796 illo
775 1755 929 1796 removero
942 1737 1047 1796 velim.
1089 1732 1212 1795 editoris
1226 1731 1381 1812 proprium
1394 1736 1441 1788 est

258 1935 264 1944 .
340 1855 474 1915 officium
491 1853 623 1915 iudicare
636 1859 702 1916 sine
717 1853 895 1936 cupiditate,
916 1867 968 1917 aut
981 1858 1009 1918 si
1020 1855 1086 1936 ipse
1100 1851 1246 1914 iudicium
1259 1849 1379 1909 nullum
1390 1847 1442 1906 in-

339 1984 486 2055 terponat,
510 1976 553 2035 sio
568 1987 647 2036 certe
660 1987 812 2035 auctorem
825 1972 943 2034 tradere
954 1975 986 2033 in
999 1995 1117 2050 manus,
1138 1973 1215 2033 utin
1231 1991 1266 2031 eo
1277 1963 1441 2029 iudicando

343 2095 461 2155 elucere
472 2097 567 2176 possit
580 2097 713 2176 religiosi
725 2115 761 2155 ao
773 2095 915 2174 sapiends
926 2095 1045 2154 lectoris
1056 2091 1226 2174 prudentia.
1267 2099 1386 2166 tamen,
1406 2097 1442 2148 ut

340 2211 380 2272 ad
393 2217 545 2294 superiora
559 2215 613 2274 illa
630 2224 720 2298 queat
734 2215 829 2274 lector
844 2212 959 2297 aliquid
973 2211 1162 2294 respondere,
1183 2212 1340 2272 subiiciom
1353 2207 1440 2286 haec,

339 2333 466 2394 fortasse
488 2331 610 2416 Lydum
635 2353 652 2392 e
673 2334 760 2394 libris
781 2332 981 2415 hamspicinis
1001 2325 1218 2414 ritualibusque
1236 2331 1380 2410 selegisse
1404 2348 1441 2386 ea

339 2455 532 2532 potissimum
553 2470 631 2535 qnae
651 2450 692 2513 ad
711 2473 765 2514 sua
786 2471 907 2536 quoque
926 2464 1063 2535 tempora
1081 2454 1278 2534 regionesque
1294 2450 1353 2511 sibi
1368 2467 1442 2530 pro-

338 2572 469 2652 pinquas
491 2571 712 2634 accommodari
733 2572 956 2658 quodammodo
972 2595 1061 2656 posse
1080 2574 1285 2646 existimaret3
1304 2577 1443 2649 praeter-

338 2693 457 2752 misisse
472 2702 573 2753 auteur
590 2695 724 2754 consulto
744 2701 847 2754 vetera
860 2694 915 2753 illa
931 2691 1095 2754 admodum
1113 2694 1253 2775 antiqua,
1276 2688 1442 2770 operientia

337 2813 390 2870 vel
404 2810 444 2871 ad
458 2824 562 2892 gentes
577 2815 701 2891 ltaliae,
722 2816 845 2896 Aequos
857 2815 981 2875 Latinos
994 2815 1145 2876 Samnites
1158 2815 1298 2872 licentes
1311 2811 1440 2886 Tuscos,

224 2957 254 3010 p.
270 2954 322 2994 xrx
338 2930 442 2992 velud
459 2931 749 2994 administrationem
763 2933 957 3014 reipublicae
979 2932 1017 2995 de
1039 2935 1168 2994 comitiis
1193 2933 1347 3012 auspicato
1372 2927 1440 2988 edi-

337 3049 441 3112 cendis
460 3049 606 3114 obeundis
629 3049 830 3130 dimittendis,
851 3054 903 3112 vel
923 3051 963 3114 ad
982 3055 1050 3114 loca
1064 3063 1208 3133 augurata
1221 3053 1301 3111 Latii
1314 3052 1439 3132 agrique

337 3173 477 3248 Romani,
498 3173 651 3232 Albanum
665 3182 810 3249 montem,
832 3173 935 3234 lucum
952 3173 1092 3250 illut-icae,
1112 3172 1327 3248 armilustmm,
1349 3169 1441 3230 aedes
1539 3153 1540 3220 l

337 3291 478 3352 urbanas.
522 3308 599 3373 quae
613 3302 647 3352 ut
660 3293 748 3352 nobis
760 3293 888 3352 fuissent
901 3295 1122 3374 acceptissima,
1144 3294 1186 3353 ita
1200 3294 1322 3352 Graecis
1336 3289 1441 3352 homi·
1539 3279 1540 3282 ¹

336 3413 425 3474 nibus
441 3413 553 3472 saeculi
569 3427 615 3486 γι,
637 3429 738 3470 rerum
748 3414 921 3472 Italicarum
934 3411 1149 3474 incredibiliter
1163 3411 1297 3492 rudibus,
1318 3409 1442 3472 fastidia

338 3553 373 3593 ao
391 3544 525 3594 monstra
543 3528 692 3590 debebant
708 3528 815 3592 videri.

272 3647 320 3712 '1⁰
424 3649 581 3712 Interdum
599 3669 719 3734 quoque
740 3651 885 3735 (opinor)
906 3672 954 3714 res
969 3652 1083 3735 priscas
1098 3651 1253 3714 vocabulis
1266 3650 1353 3711 novis
1367 3669 1442 3710 suo-
1539 3657 1540 3716 j

337 3793 396 3856 qne
408 3783 543 3854 tempore
555 3773 672 3834 usitatis
685 3772 864 3833 obscuravit.
892 3774 977 3834 velut
989 3775 1091 3855 ptos
1108 3775 1148 3837 to
1166 3773 1200 3831 in
1211 3767 1325 3850 Nigidii
1337 3769 1440 3848 Figuli
1539 3797 1540 3858 }

257 3939 261 3944 .
336 3895 440 3954 Diario
457 3895 611 3956 tonitruali
622 3915 670 3955 res
683 3893 819 3955 urbam
832 3895 958 3954 vertisse
974 3889 1092 3952 videtur
1105 3890 1165 3966 sic,
1186 3885 1224 3954 col
1246 3892 1302 3969 τῆς
1322 3887 1441 3970 βασιλί-

336 4013 392 4089 doe
406 4007 535 4089 πόλεώς,
559 4014 679 4074 tametsi
694 4009 742 4075 his
754 4013 915 4096 postremis
927 4011 1027 4074 verbis
1042 4011 1148 4070 Graeci
1163 4009 1283 4070 saeurlo
1295 4008 1441 4068 lastinia-

335 4152 395 4194 ueo
409 4153 471 4194 nou
485 4136 615 4194 Romam
631 4137 737 4195 urbem
757 4132 812 4196 ssd
831 4133 948 4214 cpolim
965 4133 1081 4192 soleant
1097 4127 1264 4210 designare.
1308 4122 1440 4208 denique

335 4255 462 4316 minime
473 4256 585 4316 miram
598 4256 724 4317 sortasse
739 4253 828 4316 debet
842 4251 938 4314 rideri
950 4251 1000 4314 vel
1015 4247 1053 4310 de
1068 4251 1230 4311 Caesarum
1239 4247 1303 4310 lato
1315 4247 1439 4310 obscure
