3100 4958
322 367 419 416 xmr
625 345 737 415 Hlsn
754 345 813 414 DE
830 345 988 416 Ioanne
1009 345 1127 415 alno

322 545 452 610 amanda
471 543 524 612 cdo
549 541 678 629 σελήνης
691 542 778 612 οἶκον
792 543 967 623 mutereo.
1007 547 1064 608 lin.
1077 544 1099 610 4
1112 555 1144 606 et
1158 544 1179 611 6
1193 537 1269 610 dere
1281 534 1346 608 iel
1361 539 1419 606 κοῦ

322 657 358 728 Θ
382 649 435 714 καὶ
459 648 596 715 tetrice
619 644 678 731 κῆν
700 645 854 732 ἐφήμερον
883 643 945 712 ἀπὸ
970 653 1026 730 τῆς
1049 651 1228 730 σεληνιακῆς
1250 644 1420 727 νουμηνίας

321 751 399 817 κακοὶ
411 748 485 828 τους
501 749 698 832 σοληνιακοιὲς
710 755 810 834 μῆνας
826 745 999 833 ληψόμεθα
1014 755 1076 816 τοῖν
1090 753 1227 835 βροντᾶν
1241 747 1418 824 1κ1σκοηινι

322 854 452 916 emenda
473 849 547 920 ὅσοι
568 849 630 920 leo·
649 859 706 919 σοιῑ
723 855 870 937 καμκίνου
892 853 946 918 καὶ
962 851 1100 918 inance
1111 850 1169 936 κήν
1183 848 1337 935 incipeque
1354 840 1418 914 ciac*

321 962 377 1039 τῆς
391 961 569 1038 σεληνιακῆς
583 958 751 1039 νουμηνίας
763 949 1028 1038 διακοσμήσαντες,
1048 953 1125 1020 md
1138 951 1211 1031 code
1221 948 1421 1036 οιληνιακοδς

322 1066 424 1144 μῆνας
441 1055 608 1141 ληψόμεθα
624 1064 688 1124 τοῖν
707 1061 844 1143 βροντᾶν
862 1054 920 1140 κήν
935 1059 1106 1138 intexam
1147 1077 1204 1117 nec
1214 1058 1335 1118 uaniora
1346 1063 1418 1116 aunt

321 1183 399 1245 quae
419 1174 603 1245 aequantur:
638 1174 674 1222 ut
694 1161 864 1243 ephemeris
881 1162 953 1237 illa,
988 1157 1245 1244 quemadmodum
1268 1170 1315 1220 eet
1334 1153 1418 1238 apud

313 1267 530 1346 -Rutgemium,
551 1285 613 1326 non
626 1275 690 1324 tam
704 1283 775 1324 vera
787 1263 868 1345 Lydi
879 1284 936 1324 nec
949 1281 1091 1344 germana
1107 1281 1201 1346 quam
1212 1263 1316 1324 vitiata
1328 1277 1418 1340 pror-

320 1386 372 1430 aua
385 1379 416 1428 et
428 1368 596 1430 adulterina
607 1387 672 1428 eeee
684 1370 791 1427 merito
804 1370 843 1426 eit
857 1366 1002 1448 putanda.

257 1474 301 1540 28
407 1473 529 1532 Tertina
552 1481 654 1530 autem
679 1468 719 1530 ad
743 1467 930 1549 vulgandum
950 1468 1031 1552 Lydi
1059 1467 1176 1552 aliquid
1195 1488 1230 1530 ae
1255 1465 1419 1547 applicavit

244 1560 249 1568 ’
320 1575 484 1632 οοοπὶιοιιι
501 1571 684 1633 ineditorum
697 1573 843 1632 librorum
854 1574 1064 1652 invectigator,
1092 1575 1156 1633 Leo
1169 1571 1300 1632 Allatiur
1312 1566 1418 1644 Ohiua,

185 1695 190 1704 ·
320 1695 393 1736 cum
404 1674 574 1736 Alexandri
584 1696 630 1735 ru
640 1675 816 1756 pontificatu
826 1672 1042 1736 bibliothecam
1054 1677 1230 1738 Vaticanum
1243 1670 1417 1734 cnatodiret.

320 1779 349 1840 ia
363 1789 394 1838 et
408 1781 554 1840 maiorem
570 1781 721 1860 epitomen
734 1778 804 1838 libri
819 1775 857 1838 de
871 1779 1025 1840 Menobur
1042 1780 1076 1838 in
1096 1777 1164 1840 cod.
1175 1778 1338 1838 Barbarion
1356 1777 1418 1840 17⁷

224 1905 253 1960 p.
262 1903 304 1942 arr
322 1880 399 1964 (rid.
414 1901 503 1962 supra
519 1903 552 1963 p.
566 1879 682 1962 ωσι)
696 1883 730 1940 in
741 1880 882 1940 manibus
895 1879 1014 1942 ridetur
1024 1878 1184 1958 bubniace3
1210 1891 1240 1941 et
1254 1889 1418 1961 postquam

320 1983 536 2044 bibliothecam
546 1985 715 2044 Palatinam
732 1983 936 2064 Heidelberga
955 1985 988 2042 in
1006 1985 1114 2044 urbem
1132 1986 1198 2066 ipae
1214 1982 1417 2054 truculent,

319 2089 469 2148 minorem
485 2107 501 2147 a
516 2085 654 2146 Planude
667 2086 779 2146 factam
790 2089 824 2146 in
837 2084 885 2146 cd.
897 2088 1035 2148 Palatino
1052 2085 1133 2163 1413
1162 2105 1219 2146 nec
1233 2085 1334 2144 ιιιίιιοι
1351 2081 1417 2162 pri-

318 2207 406 2248 mum
418 2201 449 2250 ct
458 2191 581 2250 tertium
593 2189 796 2268 fragmentum
807 2190 878 2250 libri
891 2188 930 2249 de
942 2191 1091 2266 oenone,
1111 2191 1256 2250 nimirum
1270 2183 1418 2268 epheme-

318 2290 417 2352 ridem
437 2289 553 2371 Nigidii
572 2292 673 2370 Figuli
686 2293 719 2352 in
732 2293 871 2352 Palatino
883 2297 963 2370 312,
984 2291 1195 2354 kalendarium
1212 2293 1259 2352 ct.
1275 2289 1370 2352 Terei
1383 2289 1417 2348 in

317 2393 483 2453 barberino
505 2398 577 2461 177-
631 2414 708 2476 quae
730 2414 769 2454 an
791 2398 892 2456 omnia
913 2394 1002 2456 edere
1021 2397 1167 2473 voluerit,
1194 2413 1257 2455 non
1281 2400 1417 2452 conatatc

317 2497 465 2555 maiorem
485 2497 637 2576 epitomen
659 2497 731 2557 libri
750 2497 789 2558 de
805 2499 959 2558 Menoibna
983 2499 1115 2560 voluisse
1131 2496 1246 2558 indicet
1263 2493 1417 2556 indiculus

317 2599 503 2679 Συμμίκτων
524 2600 604 2675 eiua,
631 2599 668 2658 ab
684 2599 805 2660 Andrea
818 2599 1002 2662 Peechiullio
1014 2605 1129 2662 Romae
1142 2603 1241 2676 1668,
1268 2598 1304 2674 4,
1333 2599 1417 2657 forae

318 2697 418 2775 dabra
432 2719 453 2759 a
464 2701 661 2784 Fabricioque
676 2723 797 2765 reomuc
809 2705 889 2764 Bibl.
904 2707 955 2765 Gr.
968 2705 1030 2764 vol.
1047 2703 1087 2770 14
1099 2725 1131 2784 p·
1146 2704 1276 2777 1-213
1299 2701 1352 2761 ubi
1365 2701 1416 2760 in·

316 2811 364 2866 ter
386 2823 422 2862 ea
443 2804 551 2886 quibue
571 2806 683 2866 librum
695 2818 837 2889 quartum
850 2807 1085 2888 Symmictornm
1096 2807 1258 2866 terminare
1271 2809 1417 2864 atetueret

191 2895 197 2904 ⁵
317 2905 465 2983 Allatiur,
501 2911 689 2987 reperiunbrr
714 2930 747 2990 p.
765 2916 786 2978 6
805 2931 857 2972 nc.
873 2909 916 2978 16
940 2905 1002 2971 “ex
1019 2911 1135 2970 Iocone
1153 2905 1417 2986 Philadelphum

318 3019 468 3088 mvsa,
489 3012 549 3068 ἰοῦ·
573 3005 691 3093 Ὀμθοιῗς
709 3009 769 3096 ἅμα
786 3015 819 3077 οἱ
837 3011 874 3077 ad
892 3007 1011 3096 μυθικὰ
1024 3008 1076 3078 τὸν
1089 3005 1210 3094 Κρόνον
1222 3005 1293 3084 roric
1305 3008 1416 3072 ἱκανοῦ

315 3109 469 3184 καῖδας·”
491 3112 574 3192 quod
591 3135 656 3175 eane
669 3119 789 3176 imtinm
803 3117 925 3177 maiorir
937 3117 1020 3176 illiue
1035 3117 1184 3196 epitomae
1197 3135 1229 3195 p.
1243 3133 1346 3174 mar
1358 3109 1416 3172 de-

315 3215 559 3274 momtrarimue.
585 3213 759 3277 aedAlletio
768 3237 797 3277 a.
808 3221 890 3286 1669
898 3217 1416 3300 poetlaborioaiaaimeactamritarn

317 3318 483 3391 exstineto,
510 3337 613 3377 rureue
634 3337 732 3379 oraora
752 3319 902 3400 quaedam
918 3324 1078 3383 vaticanae
1097 3317 1298 3379 bibliothecae
1315 3319 1415 3380 cffiua

319 3417 415 3497 caligo
431 3429 492 3495 eet,
514 3418 597 3501 quod
608 3423 661 3503 qui
674 3421 703 3478 ei
717 3425 856 3499 proxime
869 3435 1089 3500 auoceaaerunt,
1111 3425 1139 3484 ai
1154 3425 1255 3484 minna
1269 3442 1289 3482 a
1301 3421 1415 3484 doctri-

316 3537 374 3593 na,
398 3530 476 3582 certe
492 3522 529 3580 ab
542 3521 689 3582 induatria
701 3524 767 3581 eiua
784 3525 914 3586 multum
928 3527 1066 3603 aberant3
1095 3545 1152 3588 nec
1166 3525 1220 3586 illa
1231 3528 1265 3584 in
1277 3533 1344 3583 outo
1355 3541 1415 3603 po-

316 3624 457 3683 oter-iore·
466 3625 702 3704 Symmictorum
714 3628 806 3687 libroa
819 3628 976 3690 referenda
990 3628 1104 3697 nd176
1118 3641 1182 3689 tam
1196 3630 1309 3688 (brucca
1320 3644 1414 3707 qnam

316 3725 424 3784 Latina
440 3729 600 3807 opuscula,
623 3747 752 3810 quorum
763 3731 907 3814 pleraque
919 3753 959 3793 ne
970 3729 1062 3792 hodio
1075 3729 1198 3814 quidem
1211 3731 1311 3791 lucem
1325 3725 1414 3788 rida-

316 3838 386 3887 rnnt
397 3849 455 3888 nec
469 3851 604 3913 unquam
616 3831 778 3910 videbunt,
800 3845 867 3894 tum
880 3846 950 3895 eunt
962 3857 980 3895 e
993 3837 1170 3896 scriniorum
1182 3833 1312 3894 tenebris
1323 3833 1361 3892 ab
1376 3849 1415 3892 eo
1467 3883 1470 3889 ,

203 3947 231 4002 p.
246 3947 300 3988 nm
317 3939 412 3988 eruta.
455 3935 529 3992 item
549 3939 749 3996 instrumento
771 3938 903 3999 literario
923 3941 987 3999 eina
1005 3936 1212 4019 inchoatisque
1225 3944 1414 3995 commenta-

315 4033 378 4106 riie,
400 4035 454 4112 qui
470 4048 555 4096 erant
566 4058 678 4117 magno
692 4058 835 4118 numero,
856 4042 967 4102 iniecta
979 4038 1124 4122 posthaec
1133 4039 1254 4098 fortuma
1264 4038 1332 4112 fcit,
1353 4038 1414 4096 nini

316 4136 342 4194 ei
360 4154 436 4215 quoa
451 4137 561 4198 literati
575 4143 633 4198 viri
648 4143 685 4200 ab
700 4145 822 4204 interitu
835 4143 1076 4218 vindicaverunt,
1105 4141 1189 4202 velut
1203 4138 1412 4221 apographum
1539 4181 1540 4208 η

315 4240 464 4318 epitomae
480 4239 635 4320 Lydianae
649 4243 734 4304 abeo
750 4247 879 4322 factum3
909 4243 993 4328 quod
1012 4255 1044 4304 at
1057 4243 1134 4305 vidit
1143 4248 1256 4305 Romae
1269 4243 1413 4304 nicolaus

314 4339 435 4420 Schow,
458 4355 487 4402 et
502 4342 543 4403 ad
559 4342 724 4406 editionem
735 4349 806 4408 libri
819 4348 857 4410 de
871 4351 1026 4411 blenaibue
1042 4359 1122 4410 recte
1135 4346 1283 4408 adhibuit.
