3100 4958
240 395 245 406 ,
281 340 342 391 nv
523 293 530 304 ’
624 313 1045 385 nssnunosrsurn

283 541 394 605 genere
410 523 567 582 literarum
582 517 765 578 Graecarum
781 526 849 578 tum
866 535 936 582 vero
951 518 984 578 in
996 491 1240 598 puseogrrphte'
1251 515 1387 596 apprime

284 641 433 718 eruditus,
462 636 589 699 d'Ansse
612 636 650 698 de
671 639 836 715 Villoison,
868 656 937 696 cum
956 638 1099 697 scriberet
1117 636 1334 715 Prolegomena
1347 633 1388 696 ad

285 761 374 825 iliad.
388 782 420 842 p.
433 779 509 820 xnvr
523 757 657 818 codicem
670 759 862 818 Caecubum
877 759 948 818 vino
966 759 1010 818 ita
1030 766 1202 836 corruptum
1221 775 1285 817 esse
1299 767 1334 815 ut
1347 756 1390 814 li·

285 893 420 943 terarum
439 879 546 940 ductus
561 882 615 938 vix
630 879 751 959 agnosci
767 879 904 960 quirent,
927 895 1056 958 eumque
1067 878 1101 936 iu
1115 876 1191 954 cella
1204 877 1319 934 vinaria
1332 893 1389 954 po-

286 1003 348 1061 tius
365 1017 456 1082 quam
472 1000 506 1088 in
521 996 702 1058 bibliotheca
714 1009 899 1058 asservatum
912 1016 977 1058 esse
991 994 1099 1056 videri.
1142 1004 1171 1054 et
1183 997 1247 1075 ipse
1262 994 1390 1054 arbitra-

286 1119 342 1180 bar
360 1119 448 1193 olim,
470 1119 590 1177 intuens
616 1121 728 1198 primas
745 1118 896 1198 pagellas,
919 1135 1022 1176 aarum
1035 1085 1128 1175 verba
1140 1116 1242 1175 omnia
1260 1116 1293 1172 iu
1308 1116 1390 1174 inte·

288 1257 377 1318 grum
389 1240 544 1296 restituere
559 1237 624 1316 opis
639 1257 700 1296 non
713 1256 779 1297 esse
789 1245 920 1297 nocuae.
963 1233 1019 1296 scd
1040 1237 1093 1316 (ut
1104 1234 1157 1316 fit)
1178 1236 1244 1314 ipsa
1258 1230 1391 1294 dillicul··¹
1408 1207 1410 1212 Ι

287 1365 334 1416 tas
346 1355 525 1416 incendebat
536 1352 577 1414 ad
589 1351 778 1414 tentandum.
820 1356 864 1414 ita
876 1353 959 1414 foliis
982 1355 995 1434 (
1002 1365 1036 1414 ut
1048 1375 1073 1414 c.
1086 1359 1106 1420 3
1122 1350 1312 1433 dictumest)
1334 1370 1390 1412 suo

288 1473 394 1538 ordine
426 1476 595 1558 collocatis,
625 1475 723 1554 primo
748 1493 826 1558 quae
853 1476 916 1555 legi
941 1484 1079 1555 poterant
1104 1471 1247 1553 descripsi
1273 1481 1390 1534 cunum

290 1591 400 1656 deiude
423 1615 463 1654 ex
485 1592 534 1654 ltis
555 1594 814 1676 qualibuscunque
839 1595 975 1677 reliquiis
989 1595 1171 1652 seutentiam
1185 1591 1319 1673 aliquam
1333 1611 1393 1650 ex·

287 1706 413 1796 piscari,
434 1716 589 1774 restituere
611 1715 719 1789 verba,
740 1713 864 1773 lacunas
880 1714 1018 1792 ingentes
1032 1713 1156 1792 explere
1174 1721 1296 1772 conatus
1312 1731 1392 1788 snm,

288 1835 380 1913 spatii
399 1835 590 1893 exactissima
611 1836 724 1894 ratione
743 1828 858 1890 habita.
903 1850 963 1913 qua
982 1830 1090 1892 eadem
1107 1834 1223 1892 ratione
1245 1829 1392 1912 (opinor)

287 1953 323 2014 in
340 1951 477 2033 legendis
496 1963 763 2014 monumentorum
779 1959 917 2008 veter-run
931 1951 1191 2031 inscriptionibus,
1213 1953 1346 2032 itemque
1359 1951 1394 2010 in

287 2070 480 2134 restituendis
492 2074 578 2134 libris
590 2067 878 2144 Herculanensibus,
901 2080 946 2129 ast
958 2067 1113 2130 utendum.
1155 2073 1278 2130 tarnetsi
1299 2068 1393 2150 (baec

288 2201 393 2252 contra
404 2211 454 2252 me
466 2193 531 2272 ipse
546 2190 631 2252 dico:
654 2193 766 2272 quippe
781 2199 923 2271 quantum
936 2187 1119 2250 difficultatis
1133 2189 1248 2251 accedit
1259 2190 1393 2268 lectioni,

171 2325 202 2384 p·
216 2323 274 2366 vm
291 2321 411 2371 mutum
434 2309 638 2391 probabilitati
659 2311 883 2370 restitutionum
904 2329 1042 2369 masuam
1067 2309 1203 2392 adeoque
1227 2311 1395 2370 auctoritati

290 2428 431 2492 editionis
447 2427 633 2509 detrahitur)
654 2431 687 2490 in
704 2431 868 2490 Herculani
881 2430 1087 2490 voluminibus
1102 2431 1258 2512 titulisque
1273 2428 1395 2511 lapida-

289 2551 343 2612 rtis
365 2547 503 2630 legendis
524 2551 642 2628 minus,
661 2551 722 2610 nisi
744 2548 819 2633 quid
835 2569 885 2610 me
900 2550 995 2627 fallit,
1018 2569 1161 2630 operosus
1175 2551 1332 2632 inanisque
1344 2550 1395 2609 la-

288 2668 347 2730 bor
361 2680 416 2731 est.
457 2670 507 2730 fac
521 2671 677 2732 evanuisse
691 2671 807 2753 aliquot
821 2670 955 2730 unciales
967 2671 1088 2730 literas:
1111 2689 1180 2728 cum
1193 2671 1254 2728 sint
1266 2671 1345 2727 inter
1359 2687 1394 2728 se

290 2788 432 2871 aequales
444 2809 541 2870 paene
554 2810 660 2851 omnes
673 2787 898 2870 magnitudine,
920 2807 962 2849 ex
975 2789 1076 2850 areola
1091 2807 1200 2866 vaona,
1226 2807 1286 2870 qua
1299 2796 1394 2869 patet,

290 2904 331 2968 de
352 2906 548 2990 evanidarum
567 2931 694 2972 numero
716 2911 886 2972 coniectura
903 2928 998 2990 propa
1018 2919 1097 2968 certa
1118 2907 1188 2968 duci
1208 2917 1318 2988 potest.
1360 2911 1395 2969 in

289 3037 391 3089 nostro
417 3026 534 3106 codice,
557 3028 597 3090 ad
616 3031 753 3112 regulam
774 3041 805 3090 et
824 3031 938 3091 bucam
959 3027 1097 3111 quamvis
1113 3039 1268 3109 perorato,
1289 3049 1395 3090 versus

290 3144 417 3230 quidem
438 3150 502 3210 sira
523 3151 624 3211 lineam
643 3153 676 3210 in
692 3151 821 3232 pagellis
838 3151 967 3230 siugulis
981 3167 1133 3230 nusquam
1150 3151 1307 3229 pauciores
1322 3159 1395 3212 sunt

291 3284 386 3348 quam
403 3269 445 3330 80
460 3278 513 3327 aut
528 3271 631 3350 plures
649 3289 742 3353 quam
759 3275 818 3337 32:
839 3269 895 3331 sed
905 3272 1061 3331 literarum
1077 3290 1221 3331 numeros
1239 3271 1272 3329 in
1288 3273 1396 3350 singu-

289 3383 330 3446 tis
344 3385 480 3446 versibus
495 3385 594 3448 differt
605 3391 787 3470 plurimum,
807 3410 871 3452 non
886 3391 987 3450 minus
1006 3401 1085 3450 certe
1099 3409 1192 3471 quarn
1210 3391 1244 3449 in
1260 3387 1327 3448 cod.
1345 3409 1397 3449 re-

290 3505 401 3585 scripto
416 3505 616 3568 bibliothecae
631 3511 802 3590 capitularis
816 3511 1012 3586 Veronensis,
1033 3521 1161 3572 testante
1177 3512 1242 3570 viro
1258 3528 1395 3570 summae

289 3620 466 3706 diligentiae
480 3625 716 3711 eruditionisque
731 3632 902 3712 singularis,
918 3627 1068 3692 Friderico
1085 3628 1252 3708 Goeschen,
1266 3629 1396 3712 praefat.

292 3741 333 3803 ad
347 3745 415 3804 Gaii
426 3747 568 3808 institutt.
581 3768 614 3829 p.
627 3767 717 3810 xxvi.
760 3753 794 3811 in
806 3752 958 3834 plerisque
974 3762 1078 3811 tamen
1095 3753 1230 3814 versibus
1245 3748 1397 3810 habentur

291 3864 396 3926 literae
411 3866 621 3951 quadragenae
636 3881 759 3931 octonae
777 3882 830 3932 aut
844 3873 1093 3956 quinquagenae:
1115 3871 1171 3936 sed
1186 3893 1240 3932 eaa
1254 3881 1285 3932 et
1299 3871 1397 3933 cursi-

290 4003 348 4046 vae
364 3987 428 4048 iere
443 3999 523 4066 sunt,
546 4000 577 4050 et
588 4009 679 4073 saepe
692 3993 725 4052 in
739 3991 798 4051 line
813 4011 956 4056 versuum
967 3993 1059 4073 paulo
1070 3995 1243 4074 pressiores,
1266 4003 1296 4052 et
1309 4011 1396 4052 com-

291 4105 405 4188 pendio
421 4107 572 4170 scribendi
586 4129 648 4173 uno
663 4121 695 4171 et
707 4111 801 4174 altero
813 4113 1011 4176 intermistae.
1053 4123 1195 4174 exaretru
1209 4109 1317 4174 eadam
1329 4115 1398 4193 ipsa

291 4241 356 4288 vox
371 4245 454 4290 nuuc
468 4228 532 4291 suis
548 4229 644 4292 literis
660 4249 741 4292 nunc
757 4233 847 4314 siglo.
887 4235 939 4297 vel
954 4235 988 4294 in
1003 4234 1114 4296 lacuna
1130 4234 1224 4296 trium
1239 4233 1396 4296 literarum
