3038 4950
378 343 425 414 ru
451 303 941 416 mmeramme
1136 343 1211 416 eoa
1313 299 1315 304 ’

110 529 177 572 sam
191 509 315 572 incurdt
331 519 361 572 et
374 510 470 572 oculis
483 519 529 572 est
544 509 676 572 umatus.
707 509 777 572 ride
791 511 826 572 0.
839 513 889 572 Fr.
900 507 1038 574 Welchii
1048 521 1211 574 comment.

110 595 150 656 de
164 598 276 676 Glycae
291 597 448 674 annalibus
463 599 496 656 in
509 598 720 657 commentatt.
736 618 797 658 soc.
813 598 947 676 Gotting·
962 597 983 662 5
1006 601 1045 662 18
1061 617 1128 680 sqq.

194 703 227 762 p.
238 680 302 747 294
316 703 347 742 r.
363 683 393 746 1.
434 678 492 762 τὴν
508 678 622 764 ἄλλην]
642 683 748 742 malim
763 680 820 763 arie
835 681 955 764 ἑτέραν,
977 693 1011 742 ut
1025 684 1166 744 ennensi
1176 683 1210 744 in

108 783 180 826 orer
201 785 375 848 quanquam
391 764 566 828 Enstathius
586 765 626 827 ad
641 769 680 828 11.
700 774 715 832 1
737 771 817 842 469,
840 763 913 832 itte
935 760 968 832 d’
988 767 1036 832 tat
1054 764 1210 853 προδόμῳ,

107 848 168 912 hoc
188 871 284 930 genus
304 851 465 934 loquendi,
487 864 521 912 ut
537 849 628 928 ittae
641 865 770 933 ponatur
782 873 836 932 pro
850 851 966 936 ἕτερος,
987 854 1130 934 frequens
1143 874 1209 914 esee

107 935 324 1088 apug6htticos
338 949 474 1000 auctores
487 936 580 999 dicet.
610 949 690 1000 certe
705 937 810 1021 Lydus
824 939 890 1020 ipae
905 940 1025 1020 scripsit
1034 935 1092 1021 τήν
1103 937 1208 1024 ἑτέραν

106 1041 139 1102 p·
192 1091 300 1188 p·.296
314 1127 346 1168 r·
360 1111 412 1175 10.
455 1101 671 1209 dependetque]
693 1109 769 1168 verti
780 1111 880 1187 uptrbr
891 1109 1118 1188 odinperium,
1130 1105 1209 1168 bue-

106 1191 203 1252 citans
224 1203 327 1252 tamen
346 1194 385 1253 cb
405 1191 547 1254 adieetiri
561 1186 794 1276 «inueneritis
810 1193 891 1274 apud
906 1205 1041 1254 auctores
1052 1205 1121 1275 post
1135 1191 1208 1254 chr.

105 1287 213 1336 netum
229 1277 470 1356 significationes.
512 1298 587 1362 quas
608 1299 680 1358 ege,
702 1297 772 1338 cunr
789 1299 898 1359 parum
918 1279 1075 1340 distinctae
1096 1281 1208 1340 sintin

92 1361 215 1450 ⁴lexicis
221 1359 305 1506 ,dhie
319 1362 466 1426 duntaxet
477 1365 699 1448 aliquantulum
711 1374 872 1445 evagantes
885 1385 1107 1426 enumeremus·
1149 1357 1208 1448 dp-

125 1441 192 1524 sso'e
203 1467 225 1508 r
255 1457 286 1508 ct
1029 1501 1032 1510 r

105 1469 124 1529 z
193 1531 232 1614 1)
264 1529 348 1615 qnod
363 1534 496 1613 peram
514 1533 560 1596 ad
572 1537 783 1616 patrocinatum
808 1534 872 1595 sire
898 1535 1036 1596 mevenit
1057 1535 1207 1614 principi,

100 1617 300 1698 prircipulia,
319 1641 465 1680 emmaus.
509 1621 552 1681 ita
572 1619 686 1682 habent
703 1621 737 1681 S.
753 1621 916 1700 Gregorius
927 1623 1080 1700 Nysaeuus
1096 1620 1134 1681 de
1147 1619 1207 1680 ho-

104 1705 198 1764 minis
212 1703 363 1784 opificio1
385 1706 486 1783 5813,
507 1707 588 1767 Orat.
609 1708 628 1770 1
645 1707 679 1766 iu
692 1704 741 1781 id,
762 1705 873 1766 faciem
892 1703 1048 1766 hominem
1069 1705 1109 1764 ad
1127 1709 1207 1764 ime-

103 1787 1209 1956 iiiitffsiiiiiflitriif‘ttlitl’cl‘iititfiii:

109 1959 148 2024 15
162 1961 195 2018 in
208 1961 366 2039 epistolam
378 1962 505 2020 alteram
517 1959 558 2020 ad
572 1959 729 2022 Corinthos
743 1966 763 2026 3
785 1965 847 2026 632
868 1965 929 2034 203
951 1961 984 2020 S.
1000 1959 1132 2022 isidorus
1145 1962 1209 2018 Pe-

104 2043 216 2104 lusiota
233 2047 329 2124 Epist.
347 2044 412 2112 314
432 2049 494 2114 625
507 2049 546 2106 Β.
588 2048 692 2128 sieque
711 2048 745 2108 S.
759 2047 889 2106 Besilim
900 2049 1028 2126 Magnus
1043 2043 1171 2104 homilia
1187 2048 1210 2108 2

104 2129 139 2190 iu
160 2133 372 2191 Hexa'emeron
392 2132 410 2194 1
432 2133 535 2196 210:
556 2125 665 2213 cinaeos
679 2155 725 2206 τις
738 2130 791 2194 sul
804 2127 924 2214 soracti
937 2125 1076 2211 direpte.
1117 2132 1209 2190 vertit

105 2213 289 2298 chefridus
312 2215 493 2276 Tibnaunus
510 2217 695 2296 principalis
719 2217 870 2297 quaedam
890 2238 929 2276 ac
950 2215 1036 2276 mla
1055 2217 1209 2294 potentia,

104 2297 165 2360 hoc
178 2311 242 2377 est,
265 2319 344 2383 qnae
357 2312 461 2361 menet
474 2321 493 2362 a
504 2303 652 2383 principio
664 2303 758 2362 mele.
800 2311 983 2383 usurpatque
995 2299 1103 2362 eodem
1116 2319 1209 2360 seusu

103 2383 189 2446 idem
202 2387 235 2448 Β.
248 2387 379 2448 besilius
392 2385 479 2460 Quod
493 2385 568 2448 deus
581 2407 642 2448 non
656 2398 701 2449 est
712 2397 817 2448 auctor
827 2389 902 2448 meli
919 2393 934 2452 t
957 2386 1019 2452 483
1036 2390 1073 2445 Β.
1116 2397 1208 2466 atque

105 2473 149 2532 ita
163 2465 290 2553 ἆρχικόν
304 2493 336 2536 τε
347 2471 401 2536 ccl
413 2467 572 2555 βασιλικόν
581 2474 721 2534 lubenter
734 2474 833 2552 iungit
844 2472 992 2534 Eusebius
1004 2474 1209 2532 Demonstrat.

104 2576 215 2636 evang·
231 2555 292 2622 165
305 2558 338 2634 0,
360 2560 532 2639 Praeparat.
546 2561 781 2639 6161133021),
803 2560 865 2624 331
879 2561 924 2632 Di
948 2569 977 2618 et
987 2557 1060 2619 ibid
1075 2559 1174 2624 372Α
1183 2559 1210 2614 Β

103 2643 197 2703 tribui
213 2641 307 2703 Iudae
322 2638 358 2708 sd
371 2637 498 2727 dpzssdv
511 2639 630 2724 ἀξίωμα
644 2645 687 2704 ait
701 2663 767 2704 esse
781 2646 984 2723 assignatum,
1009 2663 1087 2726 qnae
1102 2641 1211 2702 eadent

103 2729 199 2788 rerba
216 2739 375 2790 occurrunt
391 2729 472 2810 apud
484 2731 519 2792 S.
533 2733 680 2792 lumem
695 2725 942 2809 Chrysostomum
957 2733 1091 2790 oratione
1104 2729 1137 2786 in
1151 2747 1209 2785 na-

103 2815 256 2874 tivitatem
279 2813 408 2892 Christi,
438 2825 469 2876 et
491 2814 575 2898 quod
594 2815 757 2898 unicuique
779 2815 893 2874 climati
911 2815 1045 2894 praesint
1064 2813 1166 2892 angeli
1186 2809 1209 2876 5

75 2925 78 2938 ·
102 2899 167 2964 863
189 2902 243 2965 23.
286 2893 408 2982 ἀρχικὸν
428 2899 453 2982 η’
473 2903 577 2980 φιλία,
607 2921 728 2962 summo
747 2919 793 2960 ree
812 2901 949 2960 απιίοίιιὴ
972 2910 1028 2970 eat,
1053 2894 1130 2962 sorel
1155 2891 1210 2961 τὸν

98 2977 319 3065 Ἐμκεδοκλία,
346 2983 555 3068 Athenagoras
579 2988 621 3046 ait
647 2988 813 3066 Legatione
830 3005 886 3065 pro
905 2983 1083 3046 Christianis
1103 2986 1146 3048 22
1170 2983 1210 3040 Β.

101 3087 122 3128 a
132 3071 274 3130 Nemesin
286 3073 436 3132 limosam
447 3083 549 3134 autem
563 3069 719 3132 denatura
731 3069 864 3132 honiiuie
877 3071 932 3151 (34
943 3074 972 3131 Α
985 3069 1036 3130 ed.
1048 3065 1210 3146 Matthaei)
1249 3144 1253 3152 Ι

100 3157 208 3214 anima
222 3151 278 3220 cdv
294 3149 418 3236 dpxssdv
433 3155 542 3217 dieitur
558 3155 674 3238 irripere
688 3149 796 3239 λόγον,
817 3153 876 3217 hoc
891 3157 1095 3235 estprincipio
1110 3154 1211 3212 locum

100 3241 244 3300 abacos.
289 3243 334 3301 sic
347 3254 540 3322 opponuntur
552 3241 634 3322 opud
648 3243 682 3304 S.
694 3245 830 3305 Marcum
847 3244 1003 3304 eremitam
1020 3240 1057 3301 de
1070 3239 1210 3320 paradiso

101 3337 135 3386 et
150 3326 220 3406 lege
234 3325 460 3407 spirituali‘898
468 3330 496 3387 B
511 3320 634 3410 riprende
643 3325 851 3412 rinctuarsspi,
874 3330 968 3408 isqui
981 3329 1015 3386 iu
1028 3329 1151 3405 inrperr'er
1167 3335 1211 3382 eet

100 3409 223 3470 ezsbdito
245 3413 338 3494 (qnae
352 3431 416 3472 vox
429 3433 465 3482 eo
479 3431 571 3477 sensu
582 3431 644 3472 non
658 3423 704 3474 est
717 3415 750 3472 in
760 3411 901 3491 lexicis);
924 3424 954 3472 et
964 3413 997 3472 S.
1010 3414 1104 3472 Marci
1117 3410 1210 3469 verba

100 3497 225 3556 iteravit
246 3497 408 3559 scholiasta
430 3496 471 3557 ad
492 3499 527 3560 S.
549 3499 671 3558 loannis
686 3498 812 3558 Climaci
825 3499 937 3558 scalam
949 3495 1081 3576 paradisi
1097 3499 1158 3560 102
1169 3497 1211 3554 Α.

100 3579 246 3664 apudque
264 3585 299 3644 S.
312 3587 461 3650 loannem
475 3582 723 3664 chrysostomum
738 3603 877 3644 sermone
891 3581 933 3648 40
955 3585 988 3642 in
1006 3581 1210 3660 Evangelium

100 3671 226 3771 loannis
242 3671 264 3732 2
284 3669 347 3734 763
369 3669 409 3736 13
429 3672 463 3728 in
481 3671 575 3732 simili
594 3667 793 3730 disiunctione
808 3679 855 3728 est
870 3664 905 3732 sd
919 3661 1044 3752 e’pzsnc'o
1059 3677 1090 3724 et
1107 3666 1139 3729 ci
1154 3659 1211 3744 dp·

100 3773 380 3916 iiiiii?
395 3755 675 3923 iiiiiiilli
689 3766 931 3915 iiiiii?
942 3763 1026 3898 tiit
1040 3751 1211 3896 tilii}

100 3925 217 3984 Hister.
239 3928 386 3986 berniaco
405 3930 448 3990 73
468 3929 510 4002 Β,
530 3929 573 3992 78
590 3927 636 4001 Α,
657 3935 688 3984 et
708 3927 752 3986 sic
772 3944 874 4006 saepe.
917 3925 1088 4004 Sanctaque
1109 3924 1211 3980 Marco

101 4009 168 4076 iam
179 4021 344 4070 memorato
357 4009 559 4091 disputatione
575 4029 645 4072 cum
659 4010 809 4072 causidico
823 4010 884 4075 974
900 4012 923 4071 0
940 4009 972 4074 οἱ
985 4003 1106 4092 ἀρχικοὶ
1121 4027 1211 4086 supe*

100 4097 196 4156 riores
224 4107 294 4156 suut
317 4099 417 4176 potius
442 4116 550 4178 quarn,
579 4106 614 4155 ut
641 4099 732 4155 vertit
755 4099 882 4155 Ioannes
904 4097 1010 4171 Picus,
1039 4103 1230 4173 magnatem·

100 4189 207 4240 contre
219 4180 300 4261 apud
314 4183 481 4244 Eusebium
492 4183 570 4242 Hist.
584 4182 690 4242 seclae·
703 4185 767 4248 366
781 4182 807 4238 D
821 4180 854 4244 ci
865 4179 898 4244 ἐν
911 4173 1048 4262 depascis
1061 4173 1213 4260 desdiae

99 4267 262 4346 speciatim
284 4266 425 4328 videntur
442 4267 673 4347 prcuirrciemrm
690 4268 810 4345 imperii
823 4267 961 4326 Romani
972 4275 1109 4324 rectores.
1154 4283 1213 4320 na-

100 4369 163 4436 que
178 4352 239 4412 alio
252 4372 343 4416 sensu
355 4364 516 4435 usurpatur
528 4353 729 4435 superlativus
744 4344 966 4436 dpzsscr'rurecr
988 4351 1136 4415 Eusebius
1149 4350 1212 4408 De-
