3100 4958
303 299 365 350 avr
636 279 749 350 nasu
772 279 831 362 DE
855 276 1065 354 osteum

302 501 389 549 etas.
431 500 492 564 qua
515 479 640 566 quidem
660 482 694 544 in
718 503 751 546 rs
773 483 919 566 singulari
937 481 983 544 ini
999 482 1082 544 fato:
1102 479 1284 564 inpartibus
1298 481 1407 546 laceris

303 600 390 677 libri,
411 601 467 662 ubi
483 603 619 662 maxime
632 621 709 683 opus
721 603 843 680 fuisset,
864 603 949 664 nullo
964 603 1024 662 alio
1037 599 1140 662 codice
1153 601 1348 681 sublevabsr3
1366 602 1408 664 ad

303 718 502 781 recensendas
523 723 650 802 paginas
667 723 760 802 paulo
783 724 893 784 melius
914 731 1102 784 conservatas
1123 718 1163 782 ad
1180 739 1306 781 manum
1321 731 1408 782 erant
1516 767 1517 770 ι

304 840 460 920 complura
481 838 650 900 adventicia
675 839 858 902 adiumenta.
901 843 1013 925 quippe
1035 861 1105 903 cum
1125 843 1157 904 in
1176 841 1345 920 fragmento
1360 839 1408 898 lle

303 960 477 1034 mensibus,
497 969 564 1022 tum
588 963 621 1022 in
649 959 730 1020 loliis
754 961 903 1042 prioribus
925 961 996 1021 ttbri
1018 963 1064 1021 lle
1089 963 1231 1037 ostentis,
1253 957 1410 1042 usquead

213 1099 243 1156 p·
260 1097 291 1140 ιι
308 1100 335 1140 c.
349 1081 406 1156 21,
428 1081 557 1159 pessime
576 1078 687 1142 habitis
705 1081 766 1140 illis
782 1077 923 1164 quidem,
945 1099 1027 1142 erem
1042 1081 1164 1143 omniuo
1180 1081 1265 1142 omni
1282 1089 1410 1140 externo
1520 1111 1521 1144 t

307 1199 428 1262 orbatus
451 1200 585 1278 auxilio;
610 1201 669 1260 nisi
691 1198 774 1284 qnod
793 1200 883 1260 alicui
907 1201 976 1260 usui
996 1201 1088 1261 fuerit
1108 1201 1141 1261 (l.
1160 1199 1278 1261 Plinius
1301 1199 1410 1274 maior,
1521 1220 1522 1242 ι

308 1323 392 1385 cuns
406 1320 570 1382 Historiam
582 1321 751 1380 naturalem
762 1317 868 1404 Lydus
882 1329 949 1380 tum
964 1319 1037 1380 alibi
1047 1329 1114 1380 tum
1126 1319 1261 1378 maxime
1277 1336 1303 1377 c.
1313 1319 1410 1395 6,7,-8

307 1443 477 1522 exscripsit.
520 1439 554 1498 in
574 1439 720 1519 capitibus
745 1437 783 1500 (la
809 1440 931 1521 eclipsi,
952 1437 991 1500 de
1015 1437 1308 1512 constellationibus,
1329 1456 1411 1498 ncn-

306 1558 386 1623 nihil
402 1559 516 1641 proieci
530 1578 572 1617 ex
583 1561 608 1618 1.
623 1560 752 1620 Firmico
766 1561 922 1639 Materno,
944 1560 1069 1643 eiusque
1083 1558 1169 1618 libris
1184 1557 1205 1622 8
1219 1558 1266 1615 De
1279 1553 1411 1618 mathed

305 1678 399 1741 hodie
424 1677 622 1740 exstantibus.
663 1681 767 1762 ibique
788 1681 966 1760 praecipue,
995 1677 1055 1740 boc
1078 1688 1125 1738 est
1142 1679 1176 1737 in
1193 1678 1342 1759 prioribus
1367 1681 1412 1744 20

308 1798 457 1880 capitibus
475 1797 545 1860 libri
562 1798 607 1856 lla
627 1801 769 1876 ostentis,
790 1800 931 1859 intellexi
948 1809 1131 1882 quantopere
1146 1815 1222 1877 opus
1240 1805 1318 1857 esset
1331 1799 1412 1858 notis

308 1917 349 1978 ad
364 1915 559 1978 stabiliendas
575 1913 782 1978 defendendas
798 1916 994 2000 explicandas
1012 1917 1169 1978 lectiones.
1210 1917 1312 1977 nullus
1329 1919 1412 1976 enim

307 2040 394 2102 locus
417 2047 463 2100 est
483 2039 516 2096 in
541 2031 600 2094 hac
623 2035 722 2096 libelli
745 2048 847 2117 parte,
872 2057 932 2121 quo
949 2039 982 2097 in
997 2038 1065 2098 loeo
1079 2035 1193 2116 ambigi
1208 2033 1246 2096 ds
1262 2037 1412 2100 vocabulo

307 2161 422 2241 possit,
444 2157 518 2242 quin
535 2152 667 2216 eundem
679 2159 832 2217 nectarius
845 2157 1062 2237 compluriens,
1083 2173 1141 2214 nec
1155 2156 1221 2215 sine
1237 2155 1412 2221 conficiente

306 2297 398 2338 causa
424 2275 593 2336 statuerIm.
646 2273 755 2338 sedet
778 2277 942 2359 explanare
963 2273 1112 2337 eiusmodi
1135 2293 1238 2336 causas
1258 2275 1413 2338 inlinitum

306 2397 416 2457 luisset
436 2413 536 2476 neque
551 2391 642 2456 buius
659 2397 821 2477 temporis3
843 2407 873 2457 et
888 2398 1066 2478 pugnaciter
1083 2393 1245 2456 defendere
1259 2397 1414 2456 mulcetu-

305 2531 356 2573 ras
370 2513 438 2572 aliis
453 2510 660 2593 displicentes,
682 2525 717 2576 ut
731 2516 858 2578 sonasse
875 2519 991 2598 possim
1006 2517 1034 2577 si
1050 2514 1160 2591 velim,
1182 2523 1260 2574 certe
1278 2534 1340 2576 aon
1356 2535 1414 2578 re·

306 2631 363 2692 lim
386 2633 505 2692 etiamsi
524 2633 654 2711 possim,
677 2653 748 2696 ctun
776 2640 982 2700 contentiones
1005 2632 1155 2695 eiusmodi
1167 2622 1413 2698 tarn'amoribus

306 2749 385 2810 meis
407 2769 499 2832 quam
521 2749 559 2810 ab
580 2749 639 2815 hcc
659 2754 795 2819 instituto
815 2760 876 2820 sint
892 2756 1105 2818 alienissimae.
1146 2750 1218 2814 inde
1233 2755 1271 2814 ab
1285 2754 1412 2820 exordio

308 2869 414 2948 capitis
430 2872 472 2936 21
490 2871 581 2950 longe
601 2870 751 2936 diversam
763 2877 911 2938 rationem
925 2885 1045 2939 secatus
1066 2891 1135 2936 sum
1150 2875 1184 2932 in
1203 2874 1412 2938 constituendo

307 2993 406 3049 textu.
448 3007 521 3048 nam
544 3009 615 3050 cnm
636 2991 669 3050 in
691 2995 798 3073 primis
815 2999 962 3079 capitibus
974 3017 1065 3078 saepe
1079 2996 1120 3055 sit
1132 3015 1150 3054 a
1164 3013 1214 3054 me
1228 2997 1412 3074 compositus

307 3109 406 3187 magis
425 3127 518 3190 quam
534 3113 747 3192 transcriptus,
770 3116 943 3202 oppidoque
959 3121 1056 3198 pauca
1071 3111 1181 3174 hohen
1196 3132 1318 3193 prorsus
1335 3113 1413 3174 ‹leli-

202 3245 233 3302 p·
249 3243 295 3287 ιιι
310 3227 374 3286 nita
390 3237 442 3288 aut
456 3239 554 3306 cena,
575 3230 693 3312 reliqua
707 3243 778 3313 post
794 3255 822 3296 c.
836 3240 895 3316 20,
916 3232 1000 3321 quod
1018 3241 1104 3294 erant
1117 3233 1150 3290 iu
1168 3231 1235 3292 aliis
1251 3235 1343 3294 etiam
1358 3255 1413 3296 cc-

308 3341 440 3424 dicibus,
472 3366 535 3410 non
554 3349 589 3408 in
607 3351 673 3412 solo
695 3352 872 3437 (laseolinu,
902 3365 989 3418 exin
1017 3350 1237 3414 dubitationem
1255 3352 1320 3412 lm
1341 3360 1414 3414 bimi

306 3465 416 3546 posita.

268 3574 292 3638 7
340 3589 342 3594 ’
395 3587 518 3646 llteuim
536 3586 684 3652 institutio
704 3591 875 3655 tonitrualis
892 3607 919 3652 c.
931 3591 1072 3657 21-26
1090 3593 1237 3674 reperitur
1249 3590 1325 3652 item
1341 3609 1414 3652 cum

307 3705 341 3765 in
352 3706 420 3768 cod.
436 3708 531 3788 Regio
544 3709 638 3788 2881,
659 3711 715 3774 fol.
729 3713 772 3780 70
786 3733 883 3787 voro,
903 3723 970 3772 tum
982 3711 1016 3772 iu
1028 3709 1097 3772 cod.
1110 3714 1224 3775 Veneto
1242 3709 1306 3778 824
1327 3709 1412 3794 (vid.

307 3825 443 3906 (latalog.
461 3825 602 3890 biblioth.
622 3830 754 3892 Graecae
770 3831 841 3891 Diri
855 3833 966 3908 Marci,
989 3828 1098 3911 digest.
1118 3831 1250 3912 praesid.
1267 3835 1412 3893 Lament.

305 3941 586 4026 Theopolc1740,
607 3949 663 4010 fol.
684 3969 716 4032 p·
740 3945 802 4016 149
820 3949 881 4034 0),
903 3953 957 4036 qui
975 3971 1031 4032 per
1055 3969 1151 4013 annos
1173 3951 1279 4014 decern
1301 3961 1333 4014 st
1354 3967 1413 4012 sex

307 4049 402 4142 penes
423 4082 495 4142 nos,
516 4064 549 4124 in
573 4065 755 4130 sennonem
774 4073 886 4152 ugia,
906 4069 1075 4132 aaaron
1092 4089 1111 4130 a
1127 4089 1178 4131 ms
1198 4081 1341 4132 croam·
1354 4081 1411 4150 est,

308 4177 405 4242 dones
424 4184 569 4266 temporis
587 4185 709 4248 flamma
732 4207 762 4250 a.
780 4189 861 4257 1816
880 4211 950 4252 eum
971 4191 1111 4272 abripuit.
1153 4189 1293 4274 Purgtatt
1310 4191 1410 4274 Figuli
