3100 4958
322 335 411 386 eurr
660 315 773 387 tttsn
796 317 855 386 ott
878 315 1088 388 ostelens

323 528 353 578 et
361 517 455 578 altero
462 515 557 597 Regio
568 519 647 584 1991
659 517 712 580 fot.
725 515 912 585 listerus-24
922 539 1019 580 versor
1035 515 1117 582 huno
1126 517 1281 582 nominari
1288 521 1367 604 ὣς.
1376 521 1425 588 Bt

323 657 487 722 eorumque
515 635 653 700 oodiaum
678 641 815 702 omnium
842 640 993 702 variantes
1020 641 1131 723 partim
1158 643 1285 724 apposni
1305 642 1340 704 in
1358 662 1424 721 ors,

321 762 450 842 partim,
481 778 523 819 ne
555 759 647 820 nimis
674 759 734 820 iata
757 759 943 842 opplentur,
974 763 1065 824 reiaoi
1083 763 1118 824 in
1137 773 1225 824 notes
1245 758 1286 822 ed
1308 761 1424 822 oaloam

321 890 436 942 textus.

283 1005 305 1068 8
410 1001 465 1062 ttta
488 998 583 1078 igitur
604 997 726 1060 auxiliis
748 995 868 1060 adiutm
890 995 962 1061 dedi
983 1019 1106 1084 operam
1122 1000 1221 1062 textui
1238 995 1425 1062 reoensando

321 1119 560 1203 lectionibusque
587 1117 765 1200 oolligendis
794 1119 1008 1199 emendandis,
1040 1120 1210 1184 reiioiendis
1234 1121 1324 1182 etiem
1345 1137 1423 1202 quas

322 1240 488 1319 oportebat.
530 1241 774 1323 generatimque,
807 1239 928 1324 quando
954 1243 1113 1327 utrobique
1141 1243 1271 1306 rationes
1296 1240 1423 1303 ederant

323 1375 419 1438 aeque
434 1360 614 1440 probabiles,
635 1363 735 1443 potius
749 1359 791 1422 ad
804 1359 869 1422 eod.
884 1363 1033 1424 Caseolini
1046 1373 1079 1426 ut
1094 1365 1271 1446 antiquioris
1283 1379 1423 1422 normam

322 1474 421 1536 direxi
434 1477 609 1544 editionem.
636 1487 678 1549 νῦ
689 1494 792 1544 tamen
807 1480 1010 1564 euphonieum
1020 1485 1085 1546 siva
1097 1477 1321 1564 ἕφελκυσιικόν,
1339 1479 1425 1565 quod

321 1616 478 1680 nunquam
497 1602 551 1660 ille
571 1623 633 1665 non
653 1601 762 1679 habet,
785 1606 962 1669 eleusouosu
978 1629 1051 1687 την,
1072 1623 1165 1668 nosse
1178 1624 1257 1678 τοις,
1278 1599 1423 1684 quodque

322 1717 483 1797 antiquitas
503 1722 634 1802 ponebat
652 1722 764 1805 ubique
784 1721 849 1804 (tot
871 1744 908 1785 aa
928 1725 1050 1786 inerunt
1070 1743 1148 1811 quae
1167 1723 1354 1804 grammatici
1370 1722 1423 1780 in-

320 1839 437 1914 niores,
459 1857 586 1900 tuumne
601 1844 695 1904 seouti
708 1844 810 1905 neseio
827 1863 866 1904 an
882 1841 1024 1921 abusum,
1045 1840 1281 1923 immutarunt),
1300 1861 1340 1902 ne
1355 1839 1423 1900 oui·

319 1959 403 2037 piam
420 1958 543 2022 fastidio
564 1983 677 2040 essem,
698 1964 731 2024 in
751 1964 875 2024 vooibus
893 1983 956 2024 non
976 1961 1129 2025 hiantibus
1144 1964 1263 2025 sustuli.
1306 1979 1366 2044 qua
1382 1957 1421 2020 de

217 2092 246 2146 Ρ·
263 2093 303 2130 ¹*
319 2101 352 2158 re
379 2080 491 2143 rideris
522 2101 600 2165 quae
626 2085 674 2144 vir
695 2084 833 2163 egregius
854 2081 1070 2165 abundanaqna
1095 2080 1231 2144 decetne
1252 2080 1421 2142 rodericus

318 2203 423 2264 laoobs
452 2205 547 2263 multe
575 2205 752 2284 exsequitur
777 2203 987 2282 Prolegomen.
1018 2199 1058 2262 ad
1086 2201 1160 2264 edit.
1190 2199 1319 2264 Achillia
1336 2201 1421 2260 Tatii

318 2341 350 2401 p.
364 2340 436 2382 xor.
480 2325 613 2403 oapitum
627 2321 849 2384 distirrotionem
865 2342 944 2384 ame
956 2323 1068 2382 faotam
1088 2319 1142 2403 (in
1159 2318 1226 2380 ood.
1242 2327 1344 2382 omnis
1358 2339 1420 2380 uno

320 2451 350 2499 et
363 2451 508 2521 perpetuo
522 2452 626 2504 tenore
637 2439 840 2523 peraguntur)
862 2461 949 2524 sparo
963 2443 1028 2504 fore
1042 2453 1076 2504 ut
1087 2442 1194 2541 qrobat
1206 2442 1311 2502 laotor.
1337 2436 1422 2521 quod

319 2558 359 2619 ad
375 2563 545 2623 versionem
560 2564 680 2640 attinet,
704 2563 827 2626 omuino
841 2560 917 2624 haee
932 2560 992 2624 duo
1010 2563 1095 2626 volni
1106 2561 1265 2644 consequi,
1286 2561 1421 2640 primum

319 2680 357 2740 ab
375 2683 520 2760 auctoris,
540 2703 603 2744 nou
615 2685 658 2744 ita
670 2684 835 2760 tundenti,
859 2686 1007 2745 sententia
1020 2693 1054 2743 nt
1066 2704 1105 2742 ue
1120 2684 1287 2756 aberraret3
1309 2674 1419 2738 deinde

319 2809 354 2858 ut
367 2799 513 2881 loquendi
528 2821 645 2862 morem
658 2802 810 2864 suboleret
823 2823 927 2866 eorum
940 2806 993 2886 qui
1009 2802 1047 2863 de
1059 2804 1210 2864 veteribus
1221 2819 1313 2882 anper
1326 2798 1420 2860 simili

321 2932 498 3000 argumento
516 2925 626 3005 scripta
637 2924 745 2984 Latine
758 2925 954 3006 reliquerunt.
996 2934 1179 3006 quapropter
1190 2941 1260 2982 oum
1276 2921 1336 2980 alia
1353 2921 1421 2981 looa

318 3043 449 3120 passim,
470 3053 537 3102 tum
553 3044 688 3102 maxime
703 3043 849 3104 formulas
863 3045 1003 3106 solennes
1017 3045 1117 3104 verbis
1134 3043 1205 3104 Iulii
1220 3041 1420 3123 obsequentia

319 3157 439 3220 reddidi
460 3161 544 3220 illius
565 3162 617 3242 qui
632 3161 772 3221 libellum
790 3165 836 3223 De
855 3163 1000 3245 prodigiis
1017 3164 1201 3246 oomposnit,
1225 3179 1335 3242 genere
1349 3177 1421 3220 ora·

318 3281 409 3341 tionis
430 3301 502 3342 usus
523 3283 595 3342 setis
616 3283 724 3344 Latino
747 3293 778 3342 et
796 3284 889 3364 probo
912 3284 1069 3367 (Romani
1086 3286 1146 3343 oria
1166 3281 1317 3343 beneuram
1331 3287 1421 3340 rorat

317 3397 459 3461 barthius
476 3400 516 3461 ad
529 3403 618 3464 Statii
633 3400 785 3462 Thebaid.
799 3403 819 3467 5
841 3403 917 3483 86),
939 3403 995 3464 sed
1012 3405 1113 3466 verbis
1128 3415 1230 3464 temen
1243 3401 1335 3483 poulo
1351 3415 1422 3458 ma·

318 3521 364 3602 gis
379 3525 485 3602 prisois
499 3524 696 3585 interstincto.
739 3521 857 3584 Claudii
869 3526 964 3584 Tusci
978 3524 1190 3585 Celenderinm
1204 3532 1322 3584 vertens
1335 3539 1422 3580 oom-

316 3643 405 3722 plura
426 3663 493 3704 sum
514 3664 556 3703 ex
571 3645 719 3704 latinitate
735 3646 840 3704 Llunii
855 3645 1040 3706 Columellee
1053 3654 1221 3717 mutuante,
1243 3659 1337 3723 quem
1350 3639 1422 3698 exi·

317 3764 407 3824 stimo
426 3765 477 3824 rel
497 3784 538 3823 ex
556 3767 623 3846 ipso
644 3766 746 3826 'l'usoo
769 3765 821 3824 rel
845 3784 886 3823 ex
908 3763 1017 3824 eodem
1031 3765 1114 3824 fonte
1127 3751 1191 3843 'quo
1205 3743 1259 3820 ille
1271 3759 1420 3834 hnusIssa,

316 3881 393 3942 llbro
422 3882 583 3946 undecimo
612 3888 799 3967 praesertim.
842 3904 885 3944 ex
905 3882 1091 3944 calendariis
1112 3885 1186 3943 item
1207 3881 1369 3953 Romanis,
1401 3897 1420 3937 a

316 4003 425 4064 laoobo
439 4005 613 4083 Mazoohio,
634 4005 715 4068 Aldo
730 4007 876 4084 Manutio,
897 4005 1005 4065 carolo
1021 4003 1155 4082 sigonio,
1176 3998 1330 4082 liaphedle
1346 3997 1421 4077 cyt-

202 4145 229 4200 p.
250 4139 301 4180 xrt
318 4123 416 4201 lenio,
438 4125 584 4202 Grutero,
606 4125 774 4189 Blanohino
794 4125 897 4202 editis,
919 4121 1002 4208 quod
1021 4122 1166 4184 nonnulla
1180 4118 1323 4179 videntur
1335 4117 1387 4178 vel
1400 4133 1421 4174 e

315 4253 417 4308 nostru
430 4242 549 4305 clandit
562 4247 658 4306 Tusci
671 4247 721 4307 vel
734 4243 872 4308 indidem
884 4261 945 4330 quo
959 4240 1037 4304 illud
1049 4259 1198 4318 manases,
1219 4259 1326 4302 eornm
1341 4255 1420 4323 qno·
