3100 4958
311 397 385 445 xxn
603 374 717 444 nasu
740 371 800 442 DE
822 371 981 442 IOANNE
1006 369 1125 442 LYDO

313 588 470 662 gmentum
482 577 515 635 in
529 575 725 637 collectaneis
739 571 779 636 ad
795 576 908 636 calcem
926 573 1159 652 connexerat,
1181 566 1231 636 ed.
1245 571 1295 632 cit.
1311 592 1341 653 p·
1356 568 1409 648 90,

312 703 363 742 no.
382 680 444 743 102
458 689 488 738 et
500 677 577 754 188,
598 680 710 760 quique
733 681 824 739 istam
844 681 943 760 ipsam
964 677 1121 738 historiam
1136 695 1192 737 suo
1206 673 1297 736 modo
1314 686 1410 735 retra·-

315 785 414 858 etaait‚
436 784 525 860 longe
538 783 624 839 aliter
635 799 699 839 rem
713 781 873 856 intellexit,
895 783 1039 840 Ioannem
1051 779 1184 860 aliquem
1195 775 1410 860 philosophum

314 895 502 968 praesentem
523 882 633 957 faisse,
656 901 785 964 cumque
804 884 1003 943 exclamasset
1022 881 1103 962 apud
1122 879 1356 942 Demosthenem
1376 899 1416 938 se·

316 989 445 1070 reperire
466 984 639 1044 vaticinium
661 979 699 1042 de
718 985 791 1043 clari
807 981 963 1044 cuiusdam
975 982 1106 1044 hominis
1122 985 1177 1044 snb
1191 981 1249 1044 hoc
1260 986 1347 1064 signo
1360 984 1412 1040 in-

315 1092 422 1164 teritu,
445 1108 461 1144 e
478 1086 605 1164 vestigio
621 1085 680 1166 ipsi
698 1105 762 1146 esse
780 1105 798 1145 e
812 1083 983 1168 Philippico
997 1086 1122 1148 Caesare
1135 1089 1316 1168 imperatum
1331 1095 1366 1144 ut
1378 1081 1412 1142 id

316 1195 438 1271 signum
458 1186 566 1248 eodem
586 1187 652 1247 loco
674 1184 845 1264 defoderet3
867 1193 970 1270 itaque
988 1209 1053 1250 esse
1071 1188 1200 1266 lactum,
1219 1192 1340 1269 signum
1351 1187 1412 1246 elia

316 1297 430 1354 ratione
451 1311 512 1350 non
532 1289 663 1370 potuisse
678 1286 783 1350 deleri.
823 1285 963 1374 Ἰωάννης
976 1290 1009 1356 δέ
1019 1315 1065 1368 τις
1076 1285 1243 1372 φιλόσοφός
1256 1309 1352 1372 φησιν
1365 1283 1415 1354 ὅτι

315 1391 358 1479 pri
378 1391 435 1474 τήν
457 1393 549 1456 θείαν
565 1385 716 1473 πρόνοιαν
729 1387 824 1470 οὕτως
838 1393 966 1477 adplene
981 1393 1014 1460 dv
1027 1401 1091 1468 τοῖς
1107 1392 1329 1474 Δημοσθένους
1340 1409 1415 1474 αυγ-

314 1495 500 1582 γρᾶμμασιν,
520 1487 583 1558 dard
600 1487 710 1560 cedrea
722 1499 778 1557 τοῦ
796 1495 904 1571 §odico
921 1490 1155 1578 αἷιιοκταινθῆναι
1169 1494 1293 1572 ἔνδοξον
1305 1491 1414 1576 dedeo.

315 1598 350 1676 ta
370 1599 421 1664 sal
445 1591 586 1680 παριυθιὶ
609 1599 654 1682 τῷ
674 1597 792 1678 βασιλεῖ
812 1601 987 1685 Φιλιππιιιςό
1006 1593 1243 1681 πληροφαρῆαας
1263 1591 1414 1661 esurierat

313 1707 484 1783 καταχῶσαι
498 1703 540 1786 τῷ
557 1691 639 1785 crispi
653 1699 747 1786 {oedip
766 1699 922 1778 [Larnbec.
937 1698 1145 1761 Animadvers.
1157 1721 1188 1780 Ρ.
1197 1703 1260 1765 213
1272 1697 1414 1760 emendat

314 1799 347 1870 ad
363 1799 437 1870 oded
453 1799 580 1888 ζιὶὅιον]
604 1802 638 1870 δν
649 1809 693 1890 τῷ
705 1799 785 1888 αὐτῷ
797 1797 891 1889 τόπῳ.
933 1799 1021 1869 ‘dxci
1038 1803 1141 1888 γέγονε
1155 1799 1207 1868 daei
1221 1799 1254 1867 cd
1270 1799 1313 1885 μή
1331 1799 1415 1884 dile·

314 1915 390 1971 00οι
408 1902 605 1982 καταλύσεως.
647 1905 682 1966 id
703 1927 792 1967 omne
814 1924 907 1988 quam
924 1915 1004 1966 reete
1025 1907 1070 1966 sic
1086 1907 1270 1966 intellexerit
1285 1908 1342 1966 iste
1355 1923 1412 1964 an-

314 2019 391 2086 etor,
414 2009 542 2070 alienam
563 2005 606 2071 sit'
618 2007 783 2084 iudicium3
803 2027 860 2068 neo
877 2028 923 2068 res
941 2019 986 2067 est
1000 2011 1085 2067 tenti.
1128 2007 1187 2068 hoc
1207 2007 1306 2069 solnm
1326 2005 1411 2067 dico:

312 2115 340 2173 si
353 2115 386 2172 in
399 2115 465 2174 loco
481 2111 539 2173 hoc
552 2111 645 2172 nostri
659 2130 720 2170 non
733 2112 766 2170 fit
778 2109 858 2192 Lydi
872 2113 1000 2187 mantio,
1021 2109 1054 2170 fit
1074 2112 1170 2172 multo
1193 2114 1294 2171 minus
1310 2114 1344 2169 in
1364 2130 1415 2170 re·

312 2215 422 2298 liquis,
445 2216 562 2296 quoties
584 2215 718 2295 aliquem
738 2216 884 2275 loannem
908 2211 1039 2273 cedinus
1059 2212 1179 2289 landat3
1202 2233 1259 2272 nee
1280 2233 1316 2272 ea
1335 2231 1414 2294 quae

312 2317 454 2396 leguntur
474 2317 637 2377 Collecten.
659 2335 691 2397 Ρ.
716 2319 787 2392 102,
811 2335 863 2376 no·
881 2319 961 2392 205,
994 2313 1032 2374 de
1053 2317 1166 2375 Ioanne
1185 2312 1415 2399 διακριναμένῳ,

312 2415 421 2493 andoin
435 2413 575 2500 Ἰωάννης
591 2411 862 2502 ὁΔιακρινόμενας
875 2416 966 2500 λέγει,
990 2419 1043 2500 qui
1062 2417 1135 2478 alibi
1160 2417 1211 2500 (p.
1229 2417 1271 2482 97
1287 2435 1337 2476 no.
1352 2417 1414 2483 190

149 2544 176 2596 p.
195 2541 290 2582 xxxrn
313 2531 343 2581 et
359 2541 391 2602 Ρ.
403 2522 444 2584 99
460 2542 510 2582 no·
527 2519 608 2602 199)
631 2525 741 2582 omisso
757 2523 878 2586 Ioannis
894 2523 1016 2580 nomine
1029 2517 1047 2585 d
1060 2513 1290 2603 διακρινόμενος
1302 2517 1415 2576 dunta-

310 2631 366 2682 xat
384 2633 508 2682 vocatur
529 2623 587 2706 (de
606 2644 666 2707 qno
684 2627 827 2705 scriptore
843 2633 941 2682 exstat
957 2621 1044 2682 docta
1060 2623 1220 2704 Leqatienii
1236 2623 1413 2681 Dissertatio

310 2727 343 2786 in
359 2723 492 2786 Bendur.
508 2729 619 2809 Impar.
634 2729 745 2790 Orient.
759 2737 782 2786 t.
796 2729 817 2792 2
834 2747 865 2810 Ρ.
879 2722 980 2808 794),
1001 2727 1034 2785 in
1053 2736 1189 2786 nostram
1208 2723 1329 2808 Lydum
1343 2735 1413 2806 epte

311 2829 470 2912 quadrent.

256 2933 296 2998 15
333 2994 339 3002 ,
399 2935 503 2995 Restat
517 2943 669 3016 postremo
684 2936 769 2995 locus
781 2933 902 2995 loannis
916 2931 1081 3014 Scyllaea,
1103 2931 1136 2992 in
1154 2949 1214 3014 qno
1232 2925 1312 3013 Lydi
1325 2949 1415 2991 men-

312 3037 428 3096 tionem
447 3037 512 3096 tieri
531 3035 675 3117 suspicati
693 3046 763 3097 sunt
785 3037 933 3098 nonnulli.
976 3036 1002 3094 is
1023 3033 1155 3117 Scylitze
1171 3029 1327 3094 historiam
1341 3034 1415 3094 reli-

309 3139 380 3220 quit
393 3135 523 3199 editione
537 3136 667 3220 duplici,
686 3141 817 3221 priorem
828 3140 983 3220 vulgatam
995 3146 1065 3218 post
1078 3155 1106 3197 a.
1122 3135 1219 3214 1057,
1241 3155 1311 3196 cum
1324 3155 1415 3217 pree-

313 3240 409 3301 fectus
426 3250 505 3301 esset
519 3260 622 3302 sacrae
635 3242 730 3319 vesti,
753 3244 879 3303 altarem
897 3243 975 3300 cirea
990 3259 1019 3300 a.
1034 3239 1133 3316 1081,
1155 3257 1225 3298 oum
1239 3247 1343 3319 egeret
1356 3258 1414 3321 pa·

313 3340 380 3399 latii
402 3361 516 3402 curam.
558 3362 593 3402 ac
614 3345 745 3424 priorem
765 3345 852 3404 illam
872 3343 967 3402 ferme
987 3343 1136 3421 integram
1150 3343 1265 3402 renutu
1279 3341 1313 3400 in
1330 3360 1416 3402 oom-

313 3441 460 3525 pendium
473 3463 563 3504 suum
575 3443 751 3506 historicum
773 3445 856 3528 (vid.
868 3447 975 3506 Harles
990 3445 1070 3504 Bibl.
1086 3445 1139 3503 Gr.
1155 3445 1218 3504 vol.
1233 3449 1254 3511 7
1268 3463 1300 3524 Ρ.
1313 3441 1416 3524 724)=

314 3545 436 3606 alterius
458 3543 538 3606 nttnt
559 3557 604 3608 est
625 3545 725 3608 edhuc
743 3569 850 3609 cusum
867 3559 987 3630 praeter
1005 3564 1075 3607 eam
1088 3555 1206 3626 partam
1219 3566 1295 3629 qnae
1307 3548 1415 3628 prioris

313 3646 455 3709 editionis
481 3652 736 3711 continuationem
759 3655 909 3728 continet,
941 3653 1079 3731 impress.
1104 3651 1199 3709 Paris.
1223 3647 1319 3726 1647,
1347 3649 1414 3724 fol,

311 3747 352 3809 ed
375 3753 490 3812 calcem
507 3751 646 3814 cedreni.
687 3764 842 3835 praeterea
860 3753 1110 3812 Monteialconins
1127 3749 1414 3812 monumentum.

311 3855 407 3914 Paris.
432 3856 528 3931 1715,
545 3857 620 3933 fot,
647 3879 678 3938 Ρ.
702 3858 782 3933 207,
812 3875 853 3915 ex
871 3852 973 3914 codiee
994 3855 1178 3914 Ooisliniano
1196 3853 1413 3934 praefationem
1462 3853 1466 3866 “

312 3955 448 4034 vulgavit
471 3975 490 4014 a
512 3957 644 4040 Scylitza
667 3957 739 4019 hnic
759 3959 846 4018 elteri
867 3956 991 4018 editioni
1006 3955 1182 4037 praefixam.
1224 3955 1268 4013 ibi
1279 3955 1413 4035 primum

311 4059 520 4138 improbantur
535 4061 573 4120 ab
590 4073 711 4123 auctore
726 4065 853 4122 Ioannes
867 4061 1004 4136 Siculus,
1022 4056 1153 4118 stromat
1169 4057 1287 4117 Psellus
1300 4057 1413 4139 aliique

312 4162 472 4241 scriptores
486 4164 591 4222 aetatis
606 4164 688 4223 illius
704 4175 738 4224 ut
755 4167 851 4224 exiles
874 4173 904 4222 et
923 4161 1069 4237 inientes,
1097 4170 1127 4219 et
1146 4160 1200 4240 qui
1219 4178 1267 4219 res
1290 4160 1414 4220 maioris

312 4265 459 4324 momenti
475 4266 508 4324 in
525 4260 657 4324 historiis
671 4266 733 4324 suls
745 4265 1009 4347 praetermiserint.
1050 4273 1154 4343 postea
1168 4263 1268 4342 pergit
1282 4261 1414 4344 Scylitza

313 4363 394 4427 horre
415 4368 447 4427 in
463 4363 603 4443 medam,
624 4365 703 4426 Bibl.
721 4367 845 4427 Geislin.
861 4385 892 4447 Ρ.
909 4369 988 4433 2082
1010 4363 1029 4431 d
1044 4361 1102 4450 yde
1119 4359 1326 4448 Δαφναιιιὶιης
1340 4355 1413 4428 aet-
