3100 4958
499 309 847 380 constmmmnn
1098 363 1104 372 .
1162 331 1230 383 nne

122 525 216 598 teque
235 521 412 594 perrepunt
431 511 488 573 fol.
506 509 549 578 44
575 511 649 572 folio
670 523 791 574 exsecto
810 510 872 574 dno
885 520 966 578 sunt·
1007 512 1111 574 omnin
1128 523 1230 576 eutem

118 618 185 683 102
203 613 280 674 folin
298 617 355 676 illo
372 613 496 675 medone
516 633 552 674 no
568 626 717 676 vetustate
731 615 820 678 vuldo
837 627 908 677 sunt
923 613 1103 697 depurata,
1130 637 1229 700 nsque

116 739 158 780 eo
173 730 209 778 nt
221 721 286 778 iem
299 719 427 780 Villoiso
439 718 591 798 seripserit
609 717 795 798 (Pmlegom.
813 717 853 792 sd
867 716 955 778 llietl.
969 739 1002 799 p.
1015 719 1071 800 46)
1091 719 1227 782 ordinem

116 841 206 882 meso
218 839 332 901 magne
345 839 386 880 ex
401 830 486 900 porte
497 821 540 880 ite
555 831 727 901 oorrupturn
742 841 818 899 esee,
837 831 872 882 nt
884 823 1039 882 literarum
1052 821 1159 884 ‹luotrm
1172 825 1228 884 rix

117 926 246 1004 egnosoi
260 934 393 1004 queunt,
413 925 507 1004 inque
524 923 601 982 nelle
615 924 730 984 vinario
745 925 845 1003 potius
864 943 934 984 enm
951 943 1043 1006 quern
1062 926 1095 984 in
1112 926 1227 986 biblIo-

116 1024 210 1088 siem
225 1035 412 1086 temtum
427 1023 534 1084 rideri.
577 1043 752 1108 quenquam
768 1028 870 1106 ipsum
883 1047 991 1108 oorpne
1008 1025 1119 1088 oodiois
1134 1029 1226 1108 poulo

116 1131 221 1190 minus
233 1128 378 1190 offeotum
393 1139 449 1188 est.
491 1127 698 1209 multomagis
713 1148 786 1190 vero
798 1130 937 1190 abiuneta
954 1131 1049 1206 folio,
1059 1130 1157 1190 leosre
1171 1132 1226 1190 ille

117 1231 248 1314 quidem
269 1241 301 1292 et
317 1233 431 1292 oeriose
455 1239 486 1290 et
505 1233 614 1310 purtim
634 1234 754 1312 penitus
772 1231 947 1313 desperete3
976 1244 1011 1293 ut
1028 1235 1063 1292 in
1086 1231 1226 1313 legendis

117 1336 180 1396 illis
191 1354 257 1396 non
269 1336 370 1396 minor
381 1331 484 1397 herulo
498 1333 583 1394 lebor
596 1354 662 1395 esse
675 1333 814 1396 videntur
829 1353 922 1417 quem
936 1337 970 1395 in
983 1335 1158 1396 evolvendis
1175 1337 1227 1394 in-

119 1437 382 1520 terpretandisque
403 1437 677 1498 Heroulononsibns
700 1437 925 1514 voluminibus,
957 1447 1087 1522 quorum
1110 1439 1226 1519 uliqnot

119 1543 248 1622 Neapoli
264 1542 398 1602 Pesisios
417 1542 561 1602 trensleto
583 1539 737 1600 interdurn
755 1542 877 1620 inspexi
891 1550 923 1601 et
936 1542 1073 1602 mentori.
1115 1559 1227 1622 qnem-

119 1645 242 1719 οὔκω,
264 1643 364 1704 sisubi
380 1663 462 1703 error
474 1642 581 1704 editori
597 1644 792 1705 obientes'est
807 1646 919 1704 intem
933 1647 1025 1724 longo
1039 1645 1158 1720 labore,
1181 1652 1227 1704 est

117 1748 164 1824 ei,
193 1767 259 1807 uon
274 1745 343 1806 dion
359 1747 449 1806 venie
459 1743 559 1806 dendo
581 1745 659 1826 (neo
676 1747 760 1806 enirn
774 1745 840 1806 fleri
853 1757 953 1826 potest
971 1761 1006 1808 ut
1026 1748 1059 1808 in
1073 1746 1223 1808 eiusmodi
1234 1769 1264 1826 p.
1276 1767 1377 1810 nuru

116 1851 316 1934 quantumin
338 1859 506 1928 expurguto
530 1869 620 1930 opere
643 1870 706 1910 nou
729 1852 831 1932 ulique
853 1851 983 1930 supersit
1003 1849 1145 1936 macule)
1160 1849 1226 1929 sed,

117 1953 200 2036 quod
215 1973 285 2014 rem
300 1950 511 2015 &finitimam
524 1954 657 2035 suscepit
670 1950 811 2037 qnodque
823 1953 868 2013 sin
883 1952 1020 2035 perfeoit,
1036 1954 1103 2015 lens
1113 1973 1226 2035 perpe-

116 2065 168 2118 tm
180 2053 356 2118 tribuendo.

198 2157 286 2234 Quid
306 2154 389 2240 qnod
407 2158 475 2238 ipse
492 2155 609 2234 editor,
639 2157 717 2218 siout
735 2167 857 2220 textum
878 2157 1029 2238 omnigene
1046 2176 1109 2218 non
1128 2157 1225 2220 semel
1244 2161 1289 2228 86

124 2279 240 2322 mseosn
254 2260 436 2322 eminissime
449 2260 697 2338 communimvit,
725 2262 768 2322 ite
788 2262 935 2342 impresso
957 2280 1038 2324 nuno
1059 2281 1168 2343 opere,
1189 2271 1225 2322 ot

120 2359 156 2422 ds
170 2365 331 2427 nonnullis
346 2365 492 2443 suspectis
508 2361 585 2424 mihi
598 2365 765 2446 looisqnee
779 2363 954 2426 viderentur
968 2363 1157 2440 dissererem,
1173 2363 1225 2424 nie

116 2469 247 2546 regerit.
290 2467 539 2526 ouiusemioitine
552 2469 713 2545 gessissem
728 2487 801 2528 sone
813 2489 948 2545 morem,
977 2469 1225 2550 suspirionesque

115 2567 169 2630 hie
190 2588 278 2630 mens
298 2570 415 2654 uliquot
436 2568 663 2632 adiunxisseru:
695 2569 751 2632 sed
767 2591 803 2632 ee
818 2569 870 2632 hio
887 2573 1030 2654 persequi
1047 2589 1109 2630 non
1122 2572 1224 2630 minus

116 2691 168 2734 ne
184 2673 281 2734 vetnit
294 2670 385 2734 huius
397 2674 656 2734 nommentetionis
668 2675 840 2734 institutum
850 2693 943 2758 quem
956 2675 1081 2754 religio,
1103 2691 1143 2732 ue
1153 2671 1226 2732 libri

116 2773 158 2836 de
172 2777 398 2856 lingistretibus
420 2773 513 2836 editio
531 2795 587 2856 per
605 2796 656 2836 mo
676 2778 797 2856 longius
821 2775 968 2840 trahetur.
997 2781 1105 2858 'quern
1127 2793 1226 2856 quse-

115 2898 240 2962 onnqoe
250 2889 410 2962 supersunt
424 2877 583 2956 eiusmodi,
605 2897 745 2962 quaeque
758 2890 936 2942 annotarem
949 2878 988 2940 de
998 2879 1121 2960 ingenio
1132 2873 1226 2958 Lydi,

115 2977 158 3042 de
169 2982 316 3059 fontibus,
331 2980 370 3042 ‹le
380 2985 552 3062 graecitate,
566 2980 606 3042 do
618 2979 785 3042 eruditione
796 2985 915 3060 Latine,
931 3003 967 3043 se
979 2984 1060 3044 notis
1069 2982 1103 3040 in
1112 2981 1226 3043 liberm

116 3080 157 3144 tls
172 3087 309 3148 orreum
328 3085 509 3148 roserrnndn
529 3085 618 3146 duee.
661 3086 754 3147 stetui
772 3088 855 3146 enim
869 3085 1012 3148 edistius
1026 3085 1099 3146 libri
1114 3081 1226 3142 editio·-

115 3206 191 3247 nem
205 3192 342 3250 animum
357 3191 502 3266 conferre,
524 3185 773 3272 quondoquidem
781 3191 965 3254 Graecorum
979 3210 1020 3248 ex
1034 3189 1124 3248 itelin
1138 3186 1225 3246 uobis

114 3291 280 3352 allatorum
303 3289 458 3368 oudinum,
502 3293 611 3374 quibus
633 3292 787 3372 impertiri
806 3295 923 3374 integre
946 3290 1054 3352 horum
1076 3306 1225 3348 annorum

115 3393 229 3470 studio,
243 3413 340 3475 poene
356 3395 395 3456 ed
406 3395 498 3455 ιἰιιειιι
515 3393 637 3454 adducti
654 3395 783 3474 catalogi
796 3406 875 3472 suut,
894 3414 1022 3476 sumque
1036 3395 1172 3466 solutior,
1188 3407 1225 3448 en

116 3515 209 3576 opere
217 3497 501 3577 profligeto‚faotus.
524 3494 1227 3579 seceditutquesingulnriliberelitutevirillu·

116 3598 241 3688 strisude
255 3597 398 3661 choiseul
418 3621 494 3682 opus
515 3598 552 3660 de
565 3602 790 3682 Megistretibus
810 3621 865 3661 suo
886 3597 1041 3681 impendio
1062 3595 1225 3655 etenebris

116 3701 264 3762 inlunem
279 3707 424 3780 evocarit,
447 3702 554 3764 eedem
564 3706 676 3764 librum
690 3701 727 3763 de
741 3704 873 3764 0steutis
883 3705 967 3778 velit,
989 3718 1084 3780 neque
1098 3699 1225 3772 verimn,
1239 3709 1267 3767 p·
1275 3707 1390 3750 nnxrm
1526 3695 1531 3730 ¹

116 3803 198 3864 unde
210 3806 308 3865 lulius
323 3807 517 3888 obsequens,
548 3811 660 3891 quique
672 3817 827 3887 praetereo
841 3823 906 3864 rem
921 3801 1097 3882 auguralem
1112 3811 1225 3860 tructe-

114 3919 225 3968 vernnt
241 3909 295 3967 vel
314 3912 367 3990 qui
386 3913 565 3988 attigerunt,
592 3911 706 3990 possim
721 3911 921 3968 illustrentur.
965 3921 1036 3964 oure
1050 3911 1154 3962 eutem
1167 3899 1224 3960 ed-

114 4005 270 4071 hibebitnr
286 4021 320 4070 ut
336 4009 412 4070 heeo
431 4009 533 4086 editio,
556 4023 703 4093 quantum
716 4013 893 4092 poterimus,
914 4007 1130 4086 locupletetur,
1153 4025 1224 4064 oum

114 4115 401 4174 oouunemoretione
419 4125 574 4174 euotorum
592 4132 668 4194 quos
686 4111 792 4194 Lydus
810 4120 987 4172 consecutus
1002 4119 1063 4186 est,
1085 4119 1151 4168 tum
1168 4106 1226 4168 ud-

115 4212 230 4276 ditione
251 4217 491 4296 fragmentorum
510 4213 698 4297 quorundum
711 4213 895 4276 ineditorum
910 4210 1046 4272 eiusdem
1060 4212 1157 4271 ferme
1174 4230 1225 4270 or-

116 4320 270 4396 gumenti,
300 4320 392 4380 vettii
413 4319 548 4382 Valentis
569 4319 724 4398 inprimis,
753 4317 838 4378 onim
856 4313 1042 4396 Anthologie
1066 4308 1148 4393 opud
1170 4331 1226 4374 nos
