<?xml version="1.0" encoding="UTF-8"?>
<!DOCTYPE html PUBLIC "-//W3C//DTD XHTML 1.0 Transitional//EN"
    "http://www.w3.org/TR/xhtml1/DTD/xhtml1-transitional.dtd">
<html xmlns="http://www.w3.org/1999/xhtml" xml:lang="en" lang="en">
 <head>
  <title>
</title>
<meta http-equiv="Content-Type" content="text/html;charset=utf-8" />
  <meta name='ocr-system' content='tesseract 3.04.00' />
  <meta name='ocr-capabilities' content='ocr_page ocr_carea ocr_par ocr_line ocrx_word'/>
</head>
<body>
  <div class='ocr_page' id='page_1' title='image "./ioanneslydus01lydugoog/ioanneslydus01lydugoog_0058.png"; bbox 0 0 3100 4958; ppageno 0'>
   <div class='ocr_carea' id='block_1_1' title="bbox 579 335 1256 440">
    <p class='ocr_par' dir='ltr' id='par_1_1' title="bbox 579 335 1256 440">
     <span class='ocr_line' id='line_1_1' title="bbox 579 335 1256 440; baseline 0.013 -38"><span class='ocrx_word' id='word_1_1' title='bbox 579 335 823 406; x_wconf 78' lang='lat' dir='ltr'>PRAEFA&#39;HO.</span> <span class='ocrx_word' id='word_1_2' title='bbox 1024 434 1027 440; x_wconf 18' lang='grc' dir='ltr'>ι</span> <span class='ocrx_word' id='word_1_3' title='bbox 1193 363 1256 411; x_wconf 82' lang='lat' dir='ltr'><strong>utu</strong></span> 
     </span>
    </p>
   </div>
   <div class='ocr_carea' id='block_1_2' title="bbox 151 531 1255 622">
    <p class='ocr_par' dir='ltr' id='par_1_2' title="bbox 151 531 1255 622">
     <span class='ocr_line' id='line_1_2' title="bbox 151 531 1255 622; baseline 0.01 -30"><span class='ocrx_word' id='word_1_4' title='bbox 151 531 271 594; x_wconf 85' lang='lat' dir='ltr'><strong>aridum</strong></span> <span class='ocrx_word' id='word_1_5' title='bbox 287 534 328 594; x_wconf 86' lang='lat' dir='ltr'><strong>sit</strong></span> <span class='ocrx_word' id='word_1_6' title='bbox 344 544 375 596; x_wconf 86' lang='lat' dir='ltr'><strong>et</strong></span> <span class='ocrx_word' id='word_1_7' title='bbox 388 534 469 598; x_wconf 79' lang='lat' dir='ltr'><strong>exite</strong></span> <span class='ocrx_word' id='word_1_8' title='bbox 480 533 515 597; x_wconf 92' lang='lat' dir='ltr'><strong>id</strong></span> <span class='ocrx_word' id='word_1_9' title='bbox 529 547 751 619; x_wconf 77' lang='lat' dir='ltr'><strong>argumentum,</strong></span> <span class='ocrx_word' id='word_1_10' title='bbox 772 549 874 600; x_wconf 86' lang='lat' dir='ltr'><strong>tamen</strong></span> <span class='ocrx_word' id='word_1_11' title='bbox 889 543 1058 601; x_wconf 85' lang='lat' dir='ltr'><strong>necessario</strong></span> <span class='ocrx_word' id='word_1_12' title='bbox 1072 561 1168 622; x_wconf 87' lang='lat' dir='ltr'><strong>pauca</strong></span> <span class='ocrx_word' id='word_1_13' title='bbox 1180 542 1255 605; x_wconf 84' lang='lat' dir='ltr'><strong>sub-</strong></span> 
     </span>
    </p>
   </div>
   <div class='ocr_carea' id='block_1_3' title="bbox 24 655 286 734">
    <p class='ocr_par' dir='ltr' id='par_1_3' title="bbox 24 655 286 734">
     <span class='ocr_line' id='line_1_3' title="bbox 24 655 286 734; baseline 0.011 -23"><span class='ocrx_word' id='word_1_14' title='bbox 24 679 25 698; x_wconf 59' lang='lat' dir='ltr'><strong>t</strong></span> <span class='ocrx_word' id='word_1_15' title='bbox 148 655 286 734; x_wconf 81' lang='lat' dir='ltr'><strong>iungam.</strong></span> 
     </span>
    </p>
   </div>
   <div class='ocr_carea' id='block_1_4' title="bbox 70 771 1352 4332">
    <p class='ocr_par' dir='ltr' id='par_1_4' title="bbox 232 771 1352 862">
     <span class='ocr_line' id='line_1_4' title="bbox 232 771 1352 862; baseline 0.009 -28"><span class='ocrx_word' id='word_1_16' title='bbox 232 773 309 834; x_wconf 83' lang='lat' dir='ltr'><strong>Dixi</strong></span> <span class='ocrx_word' id='word_1_17' title='bbox 318 771 351 832; x_wconf 91' lang='lat' dir='ltr'><strong>in</strong></span> <span class='ocrx_word' id='word_1_18' title='bbox 361 777 586 858; x_wconf 84' lang='lat' dir='ltr'><strong>Prolegomenis</strong></span> <span class='ocrx_word' id='word_1_19' title='bbox 601 776 641 837; x_wconf 84' lang='lat' dir='ltr'><strong>ed</strong></span> <span class='ocrx_word' id='word_1_20' title='bbox 653 779 863 860; x_wconf 81' lang='lat' dir='ltr'><strong>Magistratus,</strong></span> <span class='ocrx_word' id='word_1_21' title='bbox 883 801 914 862; x_wconf 89' lang='lat' dir='ltr'><strong>p.</strong></span> <span class='ocrx_word' id='word_1_22' title='bbox 926 797 1011 840; x_wconf 78' lang='lat' dir='ltr'><strong>uxr</strong></span> <span class='ocrx_word' id='word_1_23' title='bbox 1025 797 1070 862; x_wconf 88' lang='lat' dir='ltr'><strong>sq.</strong></span> <span class='ocrx_word' id='word_1_24' title='bbox 1079 825 1088 856; x_wconf 84' lang='lat'>‚</span> <span class='ocrx_word' id='word_1_25' title='bbox 1111 778 1244 842; x_wconf 79' lang='lat' dir='ltr'><strong>codicem</strong></span> <span class='ocrx_word' id='word_1_26' title='bbox 1268 783 1288 846; x_wconf 83' lang='lat'><strong>3</strong></span> <span class='ocrx_word' id='word_1_27' title='bbox 1349 815 1352 822; x_wconf 92' lang='lat'><em>·</em></span> 
     </span>
    </p>

    <p class='ocr_par' dir='ltr' id='par_1_5' title="bbox 70 893 1341 3847">
     <span class='ocr_line' id='line_1_5' title="bbox 148 893 1248 983; baseline 0.009 -31"><span class='ocrx_word' id='word_1_28' title='bbox 148 893 429 973; x_wconf 84' lang='lat' dir='ltr'><strong>membranaceum,</strong></span> <span class='ocrx_word' id='word_1_29' title='bbox 460 915 496 956; x_wconf 79' lang='lat'><strong>11</strong></span> <span class='ocrx_word' id='word_1_30' title='bbox 513 898 565 957; x_wconf 79' lang='lat' dir='ltr'><strong>cel</strong></span> <span class='ocrx_word' id='word_1_31' title='bbox 584 917 607 957; x_wconf 88' lang='lat' dir='ltr'>x</span> <span class='ocrx_word' id='word_1_32' title='bbox 628 899 756 975; x_wconf 76' lang='lat' dir='ltr'><strong>saeculi,</strong></span> <span class='ocrx_word' id='word_1_33' title='bbox 789 901 970 963; x_wconf 72' lang='lat' dir='ltr'><strong>continuisse</strong></span> <span class='ocrx_word' id='word_1_34' title='bbox 1000 903 1075 962; x_wconf 89' lang='lat' dir='ltr'><strong>olim</strong></span> <span class='ocrx_word' id='word_1_35' title='bbox 1095 901 1151 960; x_wconf 84' lang='lat' dir='ltr'><strong>trie</strong></span> <span class='ocrx_word' id='word_1_36' title='bbox 1169 901 1248 983; x_wconf 82' lang='lat' dir='ltr'><strong>Lydi</strong></span> 
     </span>
     <span class='ocr_line' id='line_1_6' title="bbox 149 1014 1250 1100; baseline 0.007 -28"><span class='ocrx_word' id='word_1_37' title='bbox 149 1031 256 1093; x_wconf 84' lang='lat' dir='ltr'><strong>opere,</strong></span> <span class='ocrx_word' id='word_1_38' title='bbox 277 1014 390 1072; x_wconf 85' lang='lat' dir='ltr'><strong>librum</strong></span> <span class='ocrx_word' id='word_1_39' title='bbox 405 1016 452 1074; x_wconf 85' lang='lat' dir='ltr'><strong>De</strong></span> <span class='ocrx_word' id='word_1_40' title='bbox 469 1017 640 1095; x_wconf 88' lang='lat' dir='ltr'><strong>mensibus,</strong></span> <span class='ocrx_word' id='word_1_41' title='bbox 661 1021 707 1078; x_wconf 88' lang='lat' dir='ltr'><strong>De</strong></span> <span class='ocrx_word' id='word_1_42' title='bbox 725 1021 867 1096; x_wconf 88' lang='lat' dir='ltr'><strong>ostentis,</strong></span> <span class='ocrx_word' id='word_1_43' title='bbox 889 1023 934 1080; x_wconf 88' lang='lat' dir='ltr'><strong>De</strong></span> <span class='ocrx_word' id='word_1_44' title='bbox 948 1021 1171 1100; x_wconf 77' lang='lat' dir='ltr'><strong>magistratibus</strong></span> <span class='ocrx_word' id='word_1_45' title='bbox 1185 1022 1250 1080; x_wconf 73' lang='lat' dir='ltr'><strong>lic-</strong></span> 
     </span>
     <span class='ocr_line' id='line_1_7' title="bbox 148 1131 1248 1217; baseline 0.007 -25"><span class='ocrx_word' id='word_1_46' title='bbox 148 1135 263 1209; x_wconf 81' lang='lat' dir='ltr'><strong>manis3</strong></span> <span class='ocrx_word' id='word_1_47' title='bbox 285 1131 341 1193; x_wconf 83' lang='lat' dir='ltr'><strong>sed</strong></span> <span class='ocrx_word' id='word_1_48' title='bbox 365 1153 433 1192; x_wconf 85' lang='lat' dir='ltr'><strong>curn</strong></span> <span class='ocrx_word' id='word_1_49' title='bbox 452 1135 515 1194; x_wconf 83' lang='lat' dir='ltr'><strong>iem</strong></span> <span class='ocrx_word' id='word_1_50' title='bbox 536 1134 575 1195; x_wconf 94' lang='lat' dir='ltr'><strong>ad</strong></span> <span class='ocrx_word' id='word_1_51' title='bbox 596 1137 716 1217; x_wconf 77' lang='lat' dir='ltr'><strong>(ipolim</strong></span> <span class='ocrx_word' id='word_1_52' title='bbox 732 1140 809 1198; x_wconf 90' lang='lat' dir='ltr'><strong>circa</strong></span> <span class='ocrx_word' id='word_1_53' title='bbox 827 1159 855 1197; x_wconf 85' lang='lat' dir='ltr'><strong>a.</strong></span> <span class='ocrx_word' id='word_1_54' title='bbox 874 1141 953 1206; x_wconf 87' lang='grc'><strong>1785</strong></span> <span class='ocrx_word' id='word_1_55' title='bbox 968 1142 1152 1200; x_wconf 83' lang='lat' dir='ltr'><strong>inveniretur</strong></span> <span class='ocrx_word' id='word_1_56' title='bbox 1163 1141 1248 1200; x_wconf 87' lang='lat' dir='ltr'><strong>initio</strong></span> 
     </span>
     <span class='ocr_line' id='line_1_8' title="bbox 149 1251 1249 1334; baseline 0.006 -24"><span class='ocrx_word' id='word_1_57' title='bbox 149 1261 179 1310; x_wconf 89' lang='lat' dir='ltr'><strong>et</strong></span> <span class='ocrx_word' id='word_1_58' title='bbox 190 1251 251 1310; x_wconf 83' lang='lat' dir='ltr'><strong>fine</strong></span> <span class='ocrx_word' id='word_1_59' title='bbox 265 1261 405 1328; x_wconf 76' lang='lat' dir='ltr'><strong>tranem,</strong></span> <span class='ocrx_word' id='word_1_60' title='bbox 426 1273 582 1333; x_wconf 73' lang='lat' dir='ltr'>superesse</span> <span class='ocrx_word' id='word_1_61' title='bbox 606 1259 636 1316; x_wconf 92' lang='lat' dir='ltr'><strong>ei</strong></span> <span class='ocrx_word' id='word_1_62' title='bbox 658 1255 749 1318; x_wconf 88' lang='lat' dir='ltr'><strong>hodie</strong></span> <span class='ocrx_word' id='word_1_63' title='bbox 772 1256 919 1318; x_wconf 76' lang='lat' dir='ltr'><strong>duntaxat</strong></span> <span class='ocrx_word' id='word_1_64' title='bbox 939 1261 1011 1319; x_wconf 81' lang='lat' dir='ltr'><strong>folia</strong></span> <span class='ocrx_word' id='word_1_65' title='bbox 1034 1261 1112 1334; x_wconf 79' lang='lat'><strong>1023</strong></span> <span class='ocrx_word' id='word_1_66' title='bbox 1140 1256 1249 1318; x_wconf 81' lang='lat' dir='ltr'><strong>horum</strong></span> 
     </span>
     <span class='ocr_line' id='line_1_9' title="bbox 149 1350 1246 1455; baseline 0.007 -27"><span class='ocrx_word' id='word_1_67' title='bbox 149 1368 207 1430; x_wconf 85' lang='lat' dir='ltr'><strong>duo</strong></span> <span class='ocrx_word' id='word_1_68' title='bbox 225 1372 375 1451; x_wconf 88' lang='lat' dir='ltr'><strong>pertinere</strong></span> <span class='ocrx_word' id='word_1_69' title='bbox 389 1369 428 1430; x_wconf 87' lang='lat' dir='ltr'><strong>ad</strong></span> <span class='ocrx_word' id='word_1_70' title='bbox 441 1372 552 1434; x_wconf 87' lang='lat' dir='ltr'><strong>librum</strong></span> <span class='ocrx_word' id='word_1_71' title='bbox 566 1376 612 1435; x_wconf 90' lang='lat' dir='ltr'><strong>De</strong></span> <span class='ocrx_word' id='word_1_72' title='bbox 627 1379 798 1455; x_wconf 86' lang='lat' dir='ltr'><strong>mensibus,</strong></span> <span class='ocrx_word' id='word_1_73' title='bbox 820 1383 861 1446; x_wconf 81' lang='lat'><strong>87</strong></span> <span class='ocrx_word' id='word_1_74' title='bbox 879 1379 916 1438; x_wconf 87' lang='lat' dir='ltr'><strong>ed</strong></span> <span class='ocrx_word' id='word_1_75' title='bbox 929 1379 1040 1438; x_wconf 83' lang='lat' dir='ltr'><strong>librum</strong></span> <span class='ocrx_word' id='word_1_76' title='bbox 1053 1350 1099 1436; x_wconf 86' lang='lat' dir='ltr'><strong>De</strong></span> <span class='ocrx_word' id='word_1_77' title='bbox 1113 1377 1246 1452; x_wconf 88' lang='lat' dir='ltr'><strong>ostentis,</strong></span> 
     </span>
     <span class='ocr_line' id='line_1_10' title="bbox 149 1488 1247 1580; baseline 0.006 -32"><span class='ocrx_word' id='word_1_78' title='bbox 149 1489 265 1572; x_wconf 85' lang='lat' dir='ltr'><strong>reliqua</strong></span> <span class='ocrx_word' id='word_1_79' title='bbox 283 1488 323 1550; x_wconf 81' lang='lat' dir='ltr'><strong>ad</strong></span> <span class='ocrx_word' id='word_1_80' title='bbox 340 1493 542 1573; x_wconf 76' lang='lat' dir='ltr'><strong>Magistratus.</strong></span> <span class='ocrx_word' id='word_1_81' title='bbox 585 1499 702 1558; x_wconf 86' lang='lat' dir='ltr'><strong>exiliis</strong></span> <span class='ocrx_word' id='word_1_82' title='bbox 720 1503 760 1563; x_wconf 83' lang='lat'><strong>37</strong></span> <span class='ocrx_word' id='word_1_83' title='bbox 783 1497 848 1580; x_wconf 77' lang='lat' dir='ltr'><strong>(De</strong></span> <span class='ocrx_word' id='word_1_84' title='bbox 866 1493 1010 1576; x_wconf 90' lang='lat' dir='ltr'><strong>ostentis)</strong></span> <span class='ocrx_word' id='word_1_85' title='bbox 1031 1499 1072 1561; x_wconf 79' lang='lat'><strong>26</strong></span> <span class='ocrx_word' id='word_1_86' title='bbox 1085 1499 1247 1577; x_wconf 69' lang='lat' dir='ltr'><strong>posteriora</strong></span> 
     </span>
     <span class='ocr_line' id='line_1_11' title="bbox 146 1609 1245 1698; baseline 0.004 -27"><span class='ocrx_word' id='word_1_87' title='bbox 146 1609 238 1676; x_wconf 79' lang='lat' dir='ltr'><strong>fuisse</strong></span> <span class='ocrx_word' id='word_1_88' title='bbox 261 1622 386 1671; x_wconf 82' lang='lat' dir='ltr'><strong>consuta</strong></span> <span class='ocrx_word' id='word_1_89' title='bbox 405 1624 561 1674; x_wconf 85' lang='lat' dir='ltr'><strong>numerata</strong></span> <span class='ocrx_word' id='word_1_90' title='bbox 580 1615 721 1676; x_wconf 71' lang='lat' dir='ltr'><strong>adiuncta</strong></span> <span class='ocrx_word' id='word_1_91' title='bbox 741 1616 780 1676; x_wconf 89' lang='lat' dir='ltr'><strong>ad</strong></span> <span class='ocrx_word' id='word_1_92' title='bbox 800 1638 907 1698; x_wconf 90' lang='lat' dir='ltr'><strong>corpus</strong></span> <span class='ocrx_word' id='word_1_93' title='bbox 927 1614 1054 1692; x_wconf 83' lang='lat' dir='ltr'><strong>codicis3</strong></span> <span class='ocrx_word' id='word_1_94' title='bbox 1078 1621 1115 1682; x_wconf 86' lang='grc'><strong>11</strong></span> <span class='ocrx_word' id='word_1_95' title='bbox 1135 1617 1245 1697; x_wconf 86' lang='lat' dir='ltr'><strong>priora,</strong></span> 
     </span>
     <span class='ocr_line' id='line_1_12' title="bbox 146 1713 1246 1813; baseline 0.005 -22"><span class='ocrx_word' id='word_1_96' title='bbox 146 1741 282 1812; x_wconf 82' lang='lat' dir='ltr'><strong>separata</strong></span> <span class='ocrx_word' id='word_1_97' title='bbox 298 1751 367 1791; x_wconf 91' lang='lat' dir='ltr'><strong>cum</strong></span> <span class='ocrx_word' id='word_1_98' title='bbox 381 1745 466 1794; x_wconf 88' lang='lat' dir='ltr'><strong>extra</strong></span> <span class='ocrx_word' id='word_1_99' title='bbox 480 1735 616 1796; x_wconf 76' lang='lat' dir='ltr'><strong>codicem</strong></span> <span class='ocrx_word' id='word_1_100' title='bbox 633 1745 697 1794; x_wconf 88' lang='lat' dir='ltr'><strong>tum</strong></span> <span class='ocrx_word' id='word_1_101' title='bbox 706 1713 790 1796; x_wconf 75' lang='lat' dir='ltr'><strong>¹inter·</strong></span> <span class='ocrx_word' id='word_1_102' title='bbox 803 1757 852 1813; x_wconf 90' lang='lat' dir='ltr'><strong>se,</strong></span> <span class='ocrx_word' id='word_1_103' title='bbox 874 1736 990 1798; x_wconf 75' lang='lat' dir='ltr'><strong>adiecta</strong></span> <span class='ocrx_word' id='word_1_104' title='bbox 1003 1737 1096 1796; x_wconf 82' lang='lat' dir='ltr'><strong>fuisse</strong></span> <span class='ocrx_word' id='word_1_105' title='bbox 1110 1737 1143 1794; x_wconf 89' lang='lat' dir='ltr'><strong>iu</strong></span> <span class='ocrx_word' id='word_1_106' title='bbox 1155 1737 1246 1796; x_wconf 87' lang='lat' dir='ltr'><strong>inro-</strong></span> 
     </span>
     <span class='ocr_line' id='line_1_13' title="bbox 145 1851 1246 1938; baseline 0.005 -28"><span class='ocrx_word' id='word_1_107' title='bbox 145 1852 227 1911; x_wconf 86' lang='lat' dir='ltr'><strong>lncro</strong></span> <span class='ocrx_word' id='word_1_108' title='bbox 247 1851 400 1933; x_wconf 89' lang='lat' dir='ltr'><strong>quodam,</strong></span> <span class='ocrx_word' id='word_1_109' title='bbox 422 1857 537 1938; x_wconf 83' lang='lat' dir='ltr'><strong>absque</strong></span> <span class='ocrx_word' id='word_1_110' title='bbox 558 1857 708 1915; x_wconf 83' lang='lat' dir='ltr'><strong>numerali</strong></span> <span class='ocrx_word' id='word_1_111' title='bbox 721 1867 792 1916; x_wconf 90' lang='lat' dir='ltr'><strong>ncta</strong></span> <span class='ocrx_word' id='word_1_112' title='bbox 809 1857 882 1916; x_wconf 85' lang='lat' dir='ltr'><strong>ulle.</strong></span> <span class='ocrx_word' id='word_1_113' title='bbox 925 1875 961 1915; x_wconf 84' lang='lat' dir='ltr'><strong>ee</strong></span> <span class='ocrx_word' id='word_1_114' title='bbox 976 1875 1032 1935; x_wconf 83' lang='lat' dir='ltr'><strong>ego</strong></span> <span class='ocrx_word' id='word_1_115' title='bbox 1048 1858 1085 1920; x_wconf 91' lang='lat'><strong>11</strong></span> <span class='ocrx_word' id='word_1_116' title='bbox 1101 1857 1191 1934; x_wconf 84' lang='lat' dir='ltr'><strong>folia,</strong></span> <span class='ocrx_word' id='word_1_117' title='bbox 1212 1868 1246 1916; x_wconf 92' lang='lat' dir='ltr'><strong>ut</strong></span> 
     </span>
     <span class='ocr_line' id='line_1_14' title="bbox 146 1973 1341 2055; baseline -0.002 -25"><span class='ocrx_word' id='word_1_118' title='bbox 146 1976 278 2051; x_wconf 87' lang='lat' dir='ltr'><strong>primum</strong></span> <span class='ocrx_word' id='word_1_119' title='bbox 297 1993 455 2052; x_wconf 77' lang='lat' dir='ltr'><strong>aggressus</strong></span> <span class='ocrx_word' id='word_1_120' title='bbox 477 1973 556 2034; x_wconf 87' lang='lat' dir='ltr'><strong>hanc</strong></span> <span class='ocrx_word' id='word_1_121' title='bbox 579 1975 741 2036; x_wconf 88' lang='lat' dir='ltr'><strong>editionem</strong></span> <span class='ocrx_word' id='word_1_122' title='bbox 765 1996 849 2051; x_wconf 86' lang='lat' dir='ltr'><strong>sum,</strong></span> <span class='ocrx_word' id='word_1_123' title='bbox 870 1973 995 2035; x_wconf 89' lang='lat' dir='ltr'><strong>disiecta</strong></span> <span class='ocrx_word' id='word_1_124' title='bbox 1012 1983 1185 2055; x_wconf 78' lang='lat' dir='ltr'><strong>temereque</strong></span> <span class='ocrx_word' id='word_1_125' title='bbox 1199 1977 1248 2034; x_wconf 87' lang='lat' dir='ltr'><strong>ia·</strong></span> <span class='ocrx_word' id='word_1_126' title='bbox 1264 1992 1292 2046; x_wconf 83' lang='lat' dir='ltr'><strong>p.</strong></span> <span class='ocrx_word' id='word_1_127' title='bbox 1310 1991 1341 2028; x_wconf 82' lang='lat' dir='ltr'><strong>rs</strong></span> 
     </span>
     <span class='ocr_line' id='line_1_15' title="bbox 147 2093 1250 2174; baseline 0.004 -23"><span class='ocrx_word' id='word_1_128' title='bbox 147 2096 241 2152; x_wconf 82' lang='lat' dir='ltr'><strong>centia</strong></span> <span class='ocrx_word' id='word_1_129' title='bbox 255 2097 298 2153; x_wconf 84' lang='lat' dir='ltr'><strong>ite</strong></span> <span class='ocrx_word' id='word_1_130' title='bbox 312 2093 470 2174; x_wconf 76' lang='lat' dir='ltr'><strong>disponere</strong></span> <span class='ocrx_word' id='word_1_131' title='bbox 485 2115 520 2154; x_wconf 90' lang='lat' dir='ltr'><strong>ac</strong></span> <span class='ocrx_word' id='word_1_132' title='bbox 530 2113 688 2154; x_wconf 83' lang='lat' dir='ltr'><strong>numerere</strong></span> <span class='ocrx_word' id='word_1_133' title='bbox 703 2095 804 2174; x_wconf 88' lang='lat' dir='ltr'><strong>coepi,</strong></span> <span class='ocrx_word' id='word_1_134' title='bbox 826 2103 859 2153; x_wconf 90' lang='lat' dir='ltr'><strong>ut</strong></span> <span class='ocrx_word' id='word_1_135' title='bbox 872 2095 1014 2153; x_wconf 85' lang='lat' dir='ltr'><strong>iubebant</strong></span> <span class='ocrx_word' id='word_1_136' title='bbox 1031 2106 1205 2174; x_wconf 70' lang='lat' dir='ltr'><strong>corispectus</strong></span> <span class='ocrx_word' id='word_1_137' title='bbox 1217 2105 1250 2154; x_wconf 82' lang='lat' dir='ltr'><strong>et</strong></span> 
     </span>
     <span class='ocr_line' id='line_1_16' title="bbox 146 2211 1244 2297; baseline 0.001 -25"><span class='ocrx_word' id='word_1_138' title='bbox 146 2233 262 2273; x_wconf 80' lang='lat' dir='ltr'><strong>stunma</strong></span> <span class='ocrx_word' id='word_1_139' title='bbox 280 2217 379 2295; x_wconf 83' lang='lat' dir='ltr'><strong>operis</strong></span> <span class='ocrx_word' id='word_1_140' title='bbox 398 2237 430 2297; x_wconf 89' lang='lat' dir='ltr'><strong>p.</strong></span> <span class='ocrx_word' id='word_1_141' title='bbox 446 2218 510 2282; x_wconf 79' lang='lat'><strong>277</strong></span> <span class='ocrx_word' id='word_1_142' title='bbox 533 2220 548 2280; x_wconf 85' lang='lat'>1</span> <span class='ocrx_word' id='word_1_143' title='bbox 572 2217 719 2295; x_wconf 88' lang='lat' dir='ltr'><strong>exposita.</strong></span> <span class='ocrx_word' id='word_1_144' title='bbox 763 2211 855 2296; x_wconf 90' lang='lat' dir='ltr'><strong>idque</strong></span> <span class='ocrx_word' id='word_1_145' title='bbox 869 2226 933 2273; x_wconf 86' lang='lat' dir='ltr'><strong>tam</strong></span> <span class='ocrx_word' id='word_1_146' title='bbox 948 2215 1025 2273; x_wconf 87' lang='lat' dir='ltr'><strong>bene</strong></span> <span class='ocrx_word' id='word_1_147' title='bbox 1040 2216 1129 2274; x_wconf 91' lang='lat' dir='ltr'><strong>cessit</strong></span> <span class='ocrx_word' id='word_1_148' title='bbox 1143 2223 1194 2290; x_wconf 89' lang='lat' dir='ltr'><strong>ut,</strong></span> <span class='ocrx_word' id='word_1_149' title='bbox 1216 2217 1244 2275; x_wconf 91' lang='lat' dir='ltr'><strong>si</strong></span> 
     </span>
     <span class='ocr_line' id='line_1_17' title="bbox 146 2334 1244 2419; baseline 0.002 -27"><span class='ocrx_word' id='word_1_150' title='bbox 146 2357 285 2396; x_wconf 87' lang='lat' dir='ltr'><strong>exorsum</strong></span> <span class='ocrx_word' id='word_1_151' title='bbox 299 2335 369 2395; x_wconf 89' lang='lat' dir='ltr'><strong>libri</strong></span> <span class='ocrx_word' id='word_1_152' title='bbox 377 2355 408 2415; x_wconf 86' lang='lat' dir='ltr'><strong>p·</strong></span> <span class='ocrx_word' id='word_1_153' title='bbox 416 2335 478 2400; x_wconf 75' lang='lat'><strong>273</strong></span> <span class='ocrx_word' id='word_1_154' title='bbox 487 2334 620 2417; x_wconf 84' lang='lat' dir='ltr'><strong>foliaque</strong></span> <span class='ocrx_word' id='word_1_155' title='bbox 634 2335 688 2394; x_wconf 77' lang='lat' dir='ltr'><strong>illu</strong></span> <span class='ocrx_word' id='word_1_156' title='bbox 701 2335 834 2419; x_wconf 83' lang='lat' dir='ltr'><strong>excipias</strong></span> <span class='ocrx_word' id='word_1_157' title='bbox 851 2337 976 2416; x_wconf 73' lang='lat' dir='ltr'><strong>quaein</strong></span> <span class='ocrx_word' id='word_1_158' title='bbox 995 2346 1131 2395; x_wconf 85' lang='lat' dir='ltr'><strong>extremo</strong></span> <span class='ocrx_word' id='word_1_159' title='bbox 1146 2337 1244 2415; x_wconf 83' lang='lat' dir='ltr'><strong>capite</strong></span> 
     </span>
     <span class='ocr_line' id='line_1_18' title="bbox 146 2453 1242 2540; baseline 0.002 -29"><span class='ocrx_word' id='word_1_160' title='bbox 146 2453 387 2536; x_wconf 86' lang='lat' dir='ltr'><strong>deeclipsibusp.</strong></span> <span class='ocrx_word' id='word_1_161' title='bbox 396 2455 459 2540; x_wconf 78' lang='lat'><strong>285</strong></span> <span class='ocrx_word' id='word_1_162' title='bbox 472 2459 493 2518; x_wconf 79' lang='lat'><strong>2</strong></span> <span class='ocrx_word' id='word_1_163' title='bbox 508 2453 684 2514; x_wconf 86' lang='lat' dir='ltr'><strong>exciderunt</strong></span> <span class='ocrx_word' id='word_1_164' title='bbox 699 2455 911 2536; x_wconf 83' lang='lat' dir='ltr'><strong>(qunetamen,</strong></span> <span class='ocrx_word' id='word_1_165' title='bbox 926 2457 1242 2537; x_wconf 78' lang='lat' dir='ltr'><strong>quenttmaeratsitum</strong></span> 
     </span>
     <span class='ocr_line' id='line_1_19' title="bbox 146 2573 1246 2657; baseline 0 -25"><span class='ocrx_word' id='word_1_166' title='bbox 146 2575 175 2632; x_wconf 88' lang='lat' dir='ltr'><strong>iu</strong></span> <span class='ocrx_word' id='word_1_167' title='bbox 194 2575 300 2653; x_wconf 87' lang='lat' dir='ltr'><strong>uobis,</strong></span> <span class='ocrx_word' id='word_1_168' title='bbox 323 2577 436 2636; x_wconf 82' lang='lat' dir='ltr'><strong>Graece</strong></span> <span class='ocrx_word' id='word_1_169' title='bbox 457 2577 597 2657; x_wconf 87' lang='lat' dir='ltr'><strong>supplere</strong></span> <span class='ocrx_word' id='word_1_170' title='bbox 618 2577 716 2634; x_wconf 83' lang='lat' dir='ltr'><strong>conati</strong></span> <span class='ocrx_word' id='word_1_171' title='bbox 740 2573 883 2655; x_wconf 85' lang='lat' dir='ltr'><strong>sumus),</strong></span> <span class='ocrx_word' id='word_1_172' title='bbox 909 2578 984 2635; x_wconf 89' lang='lat' dir='ltr'><strong>item</strong></span> <span class='ocrx_word' id='word_1_173' title='bbox 1002 2575 1144 2634; x_wconf 75' lang='lat' dir='ltr'><strong>lacunam</strong></span> <span class='ocrx_word' id='word_1_174' title='bbox 1166 2576 1246 2633; x_wconf 88' lang='lat' dir='ltr'><strong>inter</strong></span> 
     </span>
     <span class='ocr_line' id='line_1_20' title="bbox 144 2691 1245 2776; baseline 0 -23"><span class='ocrx_word' id='word_1_175' title='bbox 144 2705 231 2775; x_wconf 80' lang='lat' dir='ltr'><strong>ceput</strong></span> <span class='ocrx_word' id='word_1_176' title='bbox 246 2695 288 2760; x_wconf 84' lang='lat'><strong>15</strong></span> <span class='ocrx_word' id='word_1_177' title='bbox 302 2705 332 2754; x_wconf 87' lang='lat' dir='ltr'><strong>et</strong></span> <span class='ocrx_word' id='word_1_178' title='bbox 346 2698 402 2771; x_wconf 88' lang='lat'><strong>16,</strong></span> <span class='ocrx_word' id='word_1_179' title='bbox 423 2713 454 2774; x_wconf 89' lang='lat' dir='ltr'><strong>p.</strong></span> <span class='ocrx_word' id='word_1_180' title='bbox 469 2697 532 2759; x_wconf 78' lang='lat'><strong>291</strong></span> <span class='ocrx_word' id='word_1_181' title='bbox 547 2701 586 2771; x_wconf 90' lang='grc'><strong>7,</strong></span> <span class='ocrx_word' id='word_1_182' title='bbox 607 2706 640 2754; x_wconf 92' lang='lat' dir='ltr'><strong>ut</strong></span> <span class='ocrx_word' id='word_1_183' title='bbox 654 2705 740 2756; x_wconf 83' lang='lat' dir='ltr'><strong>extra</strong></span> <span class='ocrx_word' id='word_1_184' title='bbox 755 2693 847 2771; x_wconf 86' lang='lat' dir='ltr'><strong>haec,</strong></span> <span class='ocrx_word' id='word_1_185' title='bbox 868 2697 1010 2776; x_wconf 82' lang='lat' dir='ltr'><strong>inquam,</strong></span> <span class='ocrx_word' id='word_1_186' title='bbox 1031 2691 1245 2753; x_wconf 84' lang='lat' dir='ltr'><strong>nihilomnino</strong></span> 
     </span>
     <span class='ocr_line' id='line_1_21' title="bbox 144 2811 1244 2895; baseline 0 -25"><span class='ocrx_word' id='word_1_187' title='bbox 144 2833 183 2871; x_wconf 90' lang='lat' dir='ltr'><strong>ex</strong></span> <span class='ocrx_word' id='word_1_188' title='bbox 197 2823 261 2874; x_wconf 91' lang='lat' dir='ltr'><strong>tcto</strong></span> <span class='ocrx_word' id='word_1_189' title='bbox 274 2815 352 2874; x_wconf 91' lang='lat' dir='ltr'><strong>libro</strong></span> <span class='ocrx_word' id='word_1_190' title='bbox 369 2811 446 2872; x_wconf 89' lang='lat' dir='ltr'><strong>mihi</strong></span> <span class='ocrx_word' id='word_1_191' title='bbox 461 2811 584 2895; x_wconf 89' lang='lat' dir='ltr'><strong>quidem</strong></span> <span class='ocrx_word' id='word_1_192' title='bbox 599 2816 632 2873; x_wconf 87' lang='lat' dir='ltr'><strong>in</strong></span> <span class='ocrx_word' id='word_1_193' title='bbox 647 2818 798 2895; x_wconf 81' lang='lat' dir='ltr'><strong>praesenti</strong></span> <span class='ocrx_word' id='word_1_194' title='bbox 820 2813 925 2875; x_wconf 85' lang='lat' dir='ltr'><strong>deesse</strong></span> <span class='ocrx_word' id='word_1_195' title='bbox 947 2813 1094 2874; x_wconf 82' lang='lat' dir='ltr'><strong>rideatur.</strong></span> <span class='ocrx_word' id='word_1_196' title='bbox 1138 2813 1244 2872; x_wconf 86' lang='lat' dir='ltr'><strong>confli-</strong></span> 
     </span>
     <span class='ocr_line' id='line_1_22' title="bbox 141 2930 1243 3016; baseline -0.002 -25"><span class='ocrx_word' id='word_1_197' title='bbox 141 2933 242 2992; x_wconf 84' lang='lat' dir='ltr'><strong>ctaber</strong></span> <span class='ocrx_word' id='word_1_198' title='bbox 252 2953 341 3010; x_wconf 83' lang='lat' dir='ltr'><strong>vero,</strong></span> <span class='ocrx_word' id='word_1_199' title='bbox 361 2943 491 2992; x_wconf 71' lang='lat' dir='ltr'><strong>necans</strong></span> <span class='ocrx_word' id='word_1_200' title='bbox 502 2930 580 2992; x_wconf 87' lang='lat' dir='ltr'><strong>haec</strong></span> <span class='ocrx_word' id='word_1_201' title='bbox 591 2937 630 2998; x_wconf 81' lang='grc'><strong>87</strong></span> <span class='ocrx_word' id='word_1_202' title='bbox 645 2935 734 3011; x_wconf 80' lang='lat' dir='ltr'><strong>folin,</strong></span> <span class='ocrx_word' id='word_1_203' title='bbox 756 2932 873 2995; x_wconf 86' lang='lat' dir='ltr'><strong>duobus</strong></span> <span class='ocrx_word' id='word_1_204' title='bbox 885 2935 1061 3016; x_wconf 89' lang='lat' dir='ltr'><strong>praesertim</strong></span> <span class='ocrx_word' id='word_1_205' title='bbox 1073 2933 1243 2991; x_wconf 88' lang='lat' dir='ltr'><strong>incommo-</strong></span> 
     </span>
     <span class='ocr_line' id='line_1_23' title="bbox 70 3049 1243 3135; baseline -0.003 -23"><span class='ocrx_word' id='word_1_206' title='bbox 70 3065 73 3070; x_wconf 83' lang='lat'>&#39;</span> <span class='ocrx_word' id='word_1_207' title='bbox 141 3049 202 3130; x_wconf 87' lang='lat' dir='ltr'><strong>dis,</strong></span> <span class='ocrx_word' id='word_1_208' title='bbox 225 3053 321 3114; x_wconf 87' lang='lat' dir='ltr'><strong>altero</strong></span> <span class='ocrx_word' id='word_1_209' title='bbox 335 3053 480 3135; x_wconf 81' lang='lat' dir='ltr'><strong>peculiari</strong></span> <span class='ocrx_word' id='word_1_210' title='bbox 492 3053 640 3133; x_wconf 86' lang='lat' dir='ltr'><strong>prioribus</strong></span> <span class='ocrx_word' id='word_1_211' title='bbox 652 3055 796 3134; x_wconf 76' lang='lat' dir='ltr'><strong>pagellis,</strong></span> <span class='ocrx_word' id='word_1_212' title='bbox 818 3055 912 3114; x_wconf 87' lang='lat' dir='ltr'><strong>altero</strong></span> <span class='ocrx_word' id='word_1_213' title='bbox 927 3053 1076 3135; x_wconf 86' lang='lat' dir='ltr'><strong>generali,</strong></span> <span class='ocrx_word' id='word_1_214' title='bbox 1099 3070 1159 3132; x_wconf 86' lang='lat' dir='ltr'><strong>quo</strong></span> <span class='ocrx_word' id='word_1_215' title='bbox 1173 3053 1243 3109; x_wconf 88' lang='lat' dir='ltr'><strong>uni-</strong></span> 
     </span>
     <span class='ocr_line' id='line_1_24' title="bbox 138 3171 1242 3254; baseline -0.005 -21"><span class='ocrx_word' id='word_1_216' title='bbox 138 3191 243 3233; x_wconf 85' lang='lat' dir='ltr'><strong>rersus</strong></span> <span class='ocrx_word' id='word_1_217' title='bbox 262 3173 380 3232; x_wconf 83' lang='lat' dir='ltr'><strong>laborat</strong></span> <span class='ocrx_word' id='word_1_218' title='bbox 400 3171 507 3232; x_wconf 86' lang='lat' dir='ltr'><strong>codex.</strong></span> <span class='ocrx_word' id='word_1_219' title='bbox 550 3183 644 3232; x_wconf 86' lang='lat' dir='ltr'><strong>scatet</strong></span> <span class='ocrx_word' id='word_1_220' title='bbox 666 3175 748 3231; x_wconf 89' lang='lat' dir='ltr'><strong>enim</strong></span> <span class='ocrx_word' id='word_1_221' title='bbox 761 3172 880 3233; x_wconf 86' lang='lat' dir='ltr'><strong>mendis</strong></span> <span class='ocrx_word' id='word_1_222' title='bbox 894 3193 987 3254; x_wconf 88' lang='lat' dir='ltr'><strong>prope</strong></span> <span class='ocrx_word' id='word_1_223' title='bbox 1003 3173 1167 3231; x_wconf 80' lang='lat' dir='ltr'><strong>innumeris</strong></span> <span class='ocrx_word' id='word_1_224' title='bbox 1180 3191 1242 3230; x_wconf 86' lang='lat' dir='ltr'><strong>uon</strong></span> 
     </span>
     <span class='ocr_line' id='line_1_25' title="bbox 138 3291 1244 3375; baseline -0.003 -25"><span class='ocrx_word' id='word_1_225' title='bbox 138 3291 231 3354; x_wconf 89' lang='lat' dir='ltr'><strong>modo</strong></span> <span class='ocrx_word' id='word_1_226' title='bbox 253 3295 287 3352; x_wconf 88' lang='lat' dir='ltr'><strong>in</strong></span> <span class='ocrx_word' id='word_1_227' title='bbox 308 3295 453 3373; x_wconf 79' lang='lat' dir='ltr'><strong>scriptura</strong></span> <span class='ocrx_word' id='word_1_228' title='bbox 466 3291 643 3370; x_wconf 81' lang='lat' dir='ltr'><strong>verborum,</strong></span> <span class='ocrx_word' id='word_1_229' title='bbox 665 3291 719 3353; x_wconf 91' lang='lat' dir='ltr'><strong>sed</strong></span> <span class='ocrx_word' id='word_1_230' title='bbox 734 3295 767 3352; x_wconf 91' lang='lat' dir='ltr'><strong>in</strong></span> <span class='ocrx_word' id='word_1_231' title='bbox 782 3295 941 3375; x_wconf 89' lang='lat' dir='ltr'><strong>spirituum</strong></span> <span class='ocrx_word' id='word_1_232' title='bbox 955 3312 1075 3374; x_wconf 89' lang='lat' dir='ltr'><strong>quoque</strong></span> <span class='ocrx_word' id='word_1_233' title='bbox 1091 3301 1121 3350; x_wconf 89' lang='lat' dir='ltr'><strong>et</strong></span> <span class='ocrx_word' id='word_1_234' title='bbox 1135 3310 1244 3348; x_wconf 80' lang='lat' dir='ltr'><strong>accen-</strong></span> 
     </span>
     <span class='ocr_line' id='line_1_26' title="bbox 138 3410 1241 3492; baseline -0.003 -24"><span class='ocrx_word' id='word_1_235' title='bbox 138 3419 225 3472; x_wconf 83' lang='lat' dir='ltr'><strong>tutun</strong></span> <span class='ocrx_word' id='word_1_236' title='bbox 247 3414 378 3490; x_wconf 82' lang='lat' dir='ltr'><strong>ratione,</strong></span> <span class='ocrx_word' id='word_1_237' title='bbox 399 3414 498 3492; x_wconf 86' lang='lat' dir='ltr'><strong>prima</strong></span> <span class='ocrx_word' id='word_1_238' title='bbox 517 3431 610 3471; x_wconf 88' lang='lat' dir='ltr'><strong>manu</strong></span> <span class='ocrx_word' id='word_1_239' title='bbox 627 3414 810 3492; x_wconf 87' lang='lat' dir='ltr'><strong>positorum,</strong></span> <span class='ocrx_word' id='word_1_240' title='bbox 832 3410 887 3472; x_wconf 89' lang='lat' dir='ltr'><strong>sed</strong></span> <span class='ocrx_word' id='word_1_241' title='bbox 900 3432 1038 3492; x_wconf 84' lang='lat' dir='ltr'><strong>perverse</strong></span> <span class='ocrx_word' id='word_1_242' title='bbox 1052 3413 1241 3491; x_wconf 88' lang='lat' dir='ltr'><strong>plerumque.</strong></span> 
     </span>
     <span class='ocr_line' id='line_1_27' title="bbox 139 3531 1240 3614; baseline -0.005 -26"><span class='ocrx_word' id='word_1_243' title='bbox 139 3549 292 3614; x_wconf 86' lang='lat' dir='ltr'><strong>quamque</strong></span> <span class='ocrx_word' id='word_1_244' title='bbox 309 3533 349 3612; x_wconf 76' lang='lat' dir='ltr'><strong>sit</strong></span> <span class='ocrx_word' id='word_1_245' title='bbox 364 3533 471 3594; x_wconf 82' lang='lat' dir='ltr'><strong>vitiose</strong></span> <span class='ocrx_word' id='word_1_246' title='bbox 485 3535 629 3614; x_wconf 89' lang='lat' dir='ltr'><strong>scriptus,</strong></span> <span class='ocrx_word' id='word_1_247' title='bbox 650 3535 811 3613; x_wconf 86' lang='lat' dir='ltr'><strong>praecipue</strong></span> <span class='ocrx_word' id='word_1_248' title='bbox 825 3533 978 3612; x_wconf 81' lang='lat' dir='ltr'><strong>apperuit,</strong></span> <span class='ocrx_word' id='word_1_249' title='bbox 999 3531 1051 3589; x_wconf 90' lang='lat' dir='ltr'><strong>ubi</strong></span> <span class='ocrx_word' id='word_1_250' title='bbox 1063 3531 1147 3588; x_wconf 91' lang='lat' dir='ltr'><strong>licuit</strong></span> <span class='ocrx_word' id='word_1_251' title='bbox 1161 3547 1240 3600; x_wconf 89' lang='lat' dir='ltr'><strong>eum,</strong></span> 
     </span>
     <span class='ocr_line' id='line_1_28' title="bbox 138 3649 1241 3733; baseline -0.007 -23"><span class='ocrx_word' id='word_1_252' title='bbox 138 3661 206 3730; x_wconf 88' lang='lat' dir='ltr'><strong>post</strong></span> <span class='ocrx_word' id='word_1_253' title='bbox 219 3671 246 3709; x_wconf 91' lang='lat' dir='ltr'><strong>c.</strong></span> <span class='ocrx_word' id='word_1_254' title='bbox 260 3654 314 3727; x_wconf 76' lang='lat'><strong>20,</strong></span> <span class='ocrx_word' id='word_1_255' title='bbox 330 3671 399 3711; x_wconf 85' lang='lat' dir='ltr'><strong>omn</strong></span> <span class='ocrx_word' id='word_1_256' title='bbox 410 3653 478 3713; x_wconf 86' lang='lat' dir='ltr'><strong>aliis</strong></span> <span class='ocrx_word' id='word_1_257' title='bbox 489 3649 577 3712; x_wconf 88' lang='lat' dir='ltr'><strong>codd.</strong></span> <span class='ocrx_word' id='word_1_258' title='bbox 591 3653 705 3712; x_wconf 87' lang='lat' dir='ltr'><strong>Veneto</strong></span> <span class='ocrx_word' id='word_1_259' title='bbox 723 3663 751 3712; x_wconf 91' lang='lat' dir='ltr'><strong>et</strong></span> <span class='ocrx_word' id='word_1_260' title='bbox 762 3655 865 3733; x_wconf 84' lang='lat' dir='ltr'><strong>Regiis</strong></span> <span class='ocrx_word' id='word_1_261' title='bbox 879 3653 1031 3724; x_wconf 84' lang='lat' dir='ltr'><strong>conferre;</strong></span> <span class='ocrx_word' id='word_1_262' title='bbox 1053 3649 1116 3729; x_wconf 89' lang='lat' dir='ltr'><strong>qui,</strong></span> <span class='ocrx_word' id='word_1_263' title='bbox 1132 3663 1241 3726; x_wconf 81' lang='lat' dir='ltr'><strong>quam-</strong></span> 
     </span>
     <span class='ocr_line' id='line_1_29' title="bbox 139 3769 1092 3847; baseline -0.006 -18"><span class='ocrx_word' id='word_1_264' title='bbox 139 3771 184 3829; x_wconf 81' lang='lat' dir='ltr'><strong>ris</strong></span> <span class='ocrx_word' id='word_1_265' title='bbox 202 3781 354 3847; x_wconf 87' lang='lat' dir='ltr'><strong>recentes,</strong></span> <span class='ocrx_word' id='word_1_266' title='bbox 377 3790 482 3832; x_wconf 87' lang='lat' dir='ltr'><strong>omnes</strong></span> <span class='ocrx_word' id='word_1_267' title='bbox 495 3781 598 3831; x_wconf 86' lang='lat' dir='ltr'><strong>tamen</strong></span> <span class='ocrx_word' id='word_1_268' title='bbox 611 3772 769 3830; x_wconf 79' lang='lat' dir='ltr'><strong>cnseolino</strong></span> <span class='ocrx_word' id='word_1_269' title='bbox 784 3769 1001 3830; x_wconf 77' lang='lat' dir='ltr'><strong>emendatiores</strong></span> <span class='ocrx_word' id='word_1_270' title='bbox 1012 3775 1092 3828; x_wconf 86' lang='lat' dir='ltr'><strong>sunt.</strong></span> 
     </span>
    </p>

    <p class='ocr_par' dir='ltr' id='par_1_6' title="bbox 138 3881 1344 4332">
     <span class='ocr_line' id='line_1_30' title="bbox 222 3881 1311 3972; baseline -0.002 -23"><span class='ocrx_word' id='word_1_271' title='bbox 222 3891 362 3950; x_wconf 81' lang='lat' dir='ltr'><strong>Alterum</strong></span> <span class='ocrx_word' id='word_1_272' title='bbox 373 3888 615 3966; x_wconf 87' lang='lat' dir='ltr'><strong>incommodum,</strong></span> <span class='ocrx_word' id='word_1_273' title='bbox 637 3889 729 3972; x_wconf 79' lang='lat' dir='ltr'><strong>idque</strong></span> <span class='ocrx_word' id='word_1_274' title='bbox 742 3891 956 3970; x_wconf 84' lang='lat' dir='ltr'><strong>longemaius,</strong></span> <span class='ocrx_word' id='word_1_275' title='bbox 977 3897 1057 3964; x_wconf 81' lang='lat' dir='ltr'><strong>eret,</strong></span> <span class='ocrx_word' id='word_1_276' title='bbox 1079 3903 1120 3944; x_wconf 84' lang='lat' dir='ltr'><strong>ex</strong></span> <span class='ocrx_word' id='word_1_277' title='bbox 1132 3888 1174 3951; x_wconf 79' lang='lat'><strong>87</strong></span> <span class='ocrx_word' id='word_1_278' title='bbox 1186 3885 1235 3944; x_wconf 82' lang='lat' dir='ltr'><strong>ic-</strong></span> <span class='ocrx_word' id='word_1_279' title='bbox 1257 3881 1278 3947; x_wconf 81' lang='grc'><strong>4</strong></span> <span class='ocrx_word' id='word_1_280' title='bbox 1309 3963 1311 3968; x_wconf 23' lang='grc' dir='ltr'>Ι</span> 
     </span>
     <span class='ocr_line' id='line_1_31' title="bbox 138 4006 1344 4090; baseline -0.003 -23"><span class='ocrx_word' id='word_1_281' title='bbox 138 4006 187 4068; x_wconf 90' lang='lat' dir='ltr'><strong>liis</strong></span> <span class='ocrx_word' id='word_1_282' title='bbox 199 4009 313 4069; x_wconf 87' lang='lat' dir='ltr'><strong>librum</strong></span> <span class='ocrx_word' id='word_1_283' title='bbox 323 4010 369 4068; x_wconf 86' lang='lat' dir='ltr'><strong>De</strong></span> <span class='ocrx_word' id='word_1_284' title='bbox 382 4013 507 4070; x_wconf 84' lang='lat' dir='ltr'><strong>ostentis</strong></span> <span class='ocrx_word' id='word_1_285' title='bbox 521 4010 741 4070; x_wconf 87' lang='lat' dir='ltr'><strong>continentibus</strong></span> <span class='ocrx_word' id='word_1_286' title='bbox 753 4011 929 4090; x_wconf 81' lang='lat' dir='ltr'><strong>praesertim</strong></span> <span class='ocrx_word' id='word_1_287' title='bbox 944 4011 983 4073; x_wconf 85' lang='grc'><strong>10</strong></span> <span class='ocrx_word' id='word_1_288' title='bbox 995 4009 1094 4089; x_wconf 87' lang='lat' dir='ltr'><strong>priora</strong></span> <span class='ocrx_word' id='word_1_289' title='bbox 1110 4025 1175 4065; x_wconf 86' lang='lat' dir='ltr'><strong>esse</strong></span> <span class='ocrx_word' id='word_1_290' title='bbox 1190 4007 1237 4064; x_wconf 81' lang='lat' dir='ltr'><strong>le·</strong></span> <span class='ocrx_word' id='word_1_291' title='bbox 1256 4023 1284 4078; x_wconf 83' lang='lat' dir='ltr'><strong>p·</strong></span> <span class='ocrx_word' id='word_1_292' title='bbox 1302 4022 1344 4059; x_wconf 83' lang='lat' dir='ltr'><strong>ru</strong></span> 
     </span>
     <span class='ocr_line' id='line_1_32' title="bbox 139 4127 1334 4213; baseline -0.003 -27"><span class='ocrx_word' id='word_1_293' title='bbox 139 4145 220 4205; x_wconf 81' lang='lat' dir='ltr'><strong>cera,</strong></span> <span class='ocrx_word' id='word_1_294' title='bbox 242 4127 428 4213; x_wconf 73' lang='lat' dir='ltr'><strong>madoreque</strong></span> <span class='ocrx_word' id='word_1_295' title='bbox 451 4139 482 4190; x_wconf 88' lang='lat' dir='ltr'><strong>et</strong></span> <span class='ocrx_word' id='word_1_296' title='bbox 503 4139 650 4190; x_wconf 80' lang='lat' dir='ltr'><strong>vetttstate</strong></span> <span class='ocrx_word' id='word_1_297' title='bbox 669 4127 745 4188; x_wconf 85' lang='lat' dir='ltr'><strong>adeo</strong></span> <span class='ocrx_word' id='word_1_298' title='bbox 759 4127 865 4188; x_wconf 81' lang='lat' dir='ltr'><strong>affectu</strong></span> <span class='ocrx_word' id='word_1_299' title='bbox 880 4135 914 4186; x_wconf 79' lang='lat' dir='ltr'><strong>ut</strong></span> <span class='ocrx_word' id='word_1_300' title='bbox 932 4147 967 4186; x_wconf 88' lang='lat' dir='ltr'><strong>ea</strong></span> <span class='ocrx_word' id='word_1_301' title='bbox 983 4127 1174 4207; x_wconf 84' lang='lat' dir='ltr'><strong>potissimum</strong></span> <span class='ocrx_word' id='word_1_302' title='bbox 1188 4145 1239 4183; x_wconf 89' lang='lat' dir='ltr'><strong>re-</strong></span> <span class='ocrx_word' id='word_1_303' title='bbox 1332 4155 1334 4164; x_wconf 34' lang='grc' dir='ltr'><em>ι</em></span> 
     </span>
     <span class='ocr_line' id='line_1_33' title="bbox 139 4245 1237 4332; baseline -0.005 -26"><span class='ocrx_word' id='word_1_304' title='bbox 139 4247 275 4328; x_wconf 74' lang='lat' dir='ltr'><strong>spuisse</strong></span> <span class='ocrx_word' id='word_1_305' title='bbox 293 4245 431 4311; x_wconf 83' lang='lat' dir='ltr'><strong>rideatur</strong></span> <span class='ocrx_word' id='word_1_306' title='bbox 447 4251 495 4312; x_wconf 81' lang='lat' dir='ltr'><strong>vir</strong></span> <span class='ocrx_word' id='word_1_307' title='bbox 511 4249 672 4332; x_wconf 84' lang='lat' dir='ltr'><strong>multiplici</strong></span> <span class='ocrx_word' id='word_1_308' title='bbox 688 4245 822 4310; x_wconf 77' lang='lat' dir='ltr'><strong>doctrim</strong></span> <span class='ocrx_word' id='word_1_309' title='bbox 838 4248 966 4330; x_wconf 82' lang='lat' dir='ltr'><strong>insignis</strong></span> <span class='ocrx_word' id='word_1_310' title='bbox 983 4258 1014 4308; x_wconf 88' lang='lat' dir='ltr'><strong>et</strong></span> <span class='ocrx_word' id='word_1_311' title='bbox 1026 4265 1096 4307; x_wconf 90' lang='lat' dir='ltr'><strong>cmn</strong></span> <span class='ocrx_word' id='word_1_312' title='bbox 1109 4247 1141 4306; x_wconf 91' lang='lat' dir='ltr'><strong>in</strong></span> <span class='ocrx_word' id='word_1_313' title='bbox 1154 4245 1237 4304; x_wconf 88' lang='lat' dir='ltr'><strong>omui</strong></span> 
     </span>
    </p>
   </div>
   <div class='ocr_carea' id='block_1_5' title="bbox 0 0 1554 4958">
    <p class='ocr_par' dir='ltr' id='par_1_7' title="bbox 0 0 1554 4958">
     <span class='ocr_line' id='line_1_34' title="bbox 0 0 1554 4958; baseline 0 0"><span class='ocrx_word' id='word_1_314' title='bbox 0 0 1554 4958; x_wconf 95' lang='lat' dir='ltr'><strong> </strong></span> 
     </span>
    </p>
   </div>
  </div>
 </body>
</html>
