3026 4942
300 217 358 284 DE
380 213 717 284 utulsmrulssus
741 215 777 282 Ρ.
794 215 836 284 R.
860 213 939 282 LlB.
959 213 1016 282 111.
1127 216 1202 286 255
1275 243 1278 248 ·

105 388 187 458 ίστιν
207 386 257 456 tn
279 391 330 456 καὶ
354 386 447 462 αότδν
466 385 597 454 ῶκειινδν
617 397 681 466 τοῖς
699 386 803 466 ὅπλοις
826 383 1019 473 ...άγοντος
1070 391 1114 476 spi
1130 393 1203 473 γοῦν

106 496 173 573 άξετ’
184 491 290 583 δρόμῳ
304 491 342 560 τά
355 497 410 578 τῆς
422 487 579 575 μηνάσεενς
596 490 655 578 πρὸ
676 499 730 574 τῆς
745 491 840 574 άκοῆς
853 493 972 576 ἐγίνετο.
1023 493 1072 556 καὶ
1088 488 1203 574 ταύτην

106 599 164 682 τὴν
185 595 266 664 οὕτω
289 593 467 682 σωτηριῶδη
483 603 547 672 τοῖς
561 591 735 681 πράγμασιν
754 595 886 660 ἐπίνοιαν
903 595 1035 660 συνεῖδεν
1051 590 1067 658 ὁ
1084 589 1202 658 πλατά-

104 706 224 786 γναθος
237 701 405 784 ἀπαλεῖψαι
421 697 467 763 δι’
490 699 601 776 οίκείας
618 695 791 782 μηνόσεως,
815 697 978 774 ἀναπείσας
991 695 1044 762 τόν
1062 693 1203 782 ὁμόγνιον

81 806 158 873 ὁκαὶ
174 799 336 886 δμόψυχον
349 807 404 886 τῆς
421 799 516 868 circu
528 803 691 888 βδελυρίας
703 801 855 888 ὕπαρχον,
888 799 1028 888 περιττὴν
1044 797 1118 866 εἶναι
1134 802 1203 864 δια-

104 909 198 994 γνοδς
211 905 267 989 τὴν
280 913 341 972 τῶν
357 907 510 990 δημοσίων
521 907 623 971 ἳππων
637 901 802 990 ὑπηρεσίαν
807 951 819 983 ,
848 902 885 970 οδ
901 909 1036 990 συνορῶν
1051 900 1068 968 ὅ
1083 901 1203 986 Νιόβης

104 1011 202 1095 αὐτῆς
225 1010 444 1096 λιθωδίστερος
463 1007 499 1076 τό
521 1015 576 1074 rosi
598 1006 775 1094 πράγματος
795 1004 966 1094 χρήσιμον·
991 1001 1203 1094 όδέδπαρχος
1251 1074 1254 1082 ,

105 1109 275 1200 άγνοοόσης
289 1120 345 1197 τῆς
359 1113 516 1195 βασιλείας
539 1113 624 1196 (πῶς
644 1111 703 1198 γάρ
723 1111 855 1177 ἐνεδίδου
875 1120 939 1188 τοῖς
955 1119 1068 1188 κοινοῖς
1088 1106 1203 1192 ἀτυχή-

104 1218 228 1301 μασις)
243 1219 294 1282 καί
308 1213 422 1301 ταύτην
435 1214 491 1301 τὴν
511 1213 585 1299 όψιν
599 1221 654 1300 τῆς
672 1215 822 1292 πολιτείας
835 1211 993 1302 ἠφάνισεν.
1043 1211 1130 1280 ίνθεν
1142 1219 1203 1277 τῶν

63 1323 197 1389 1οείδῶν
219 1318 364 1408 δπράτων
389 1319 597 1404 δνσηπομίνων
616 1328 684 1394 ταῖς
701 1316 856 1402 κτήσεσιν,
881 1317 1009 1404 ίξαλροο
1026 1315 1135 1401 σχεδόν
1150 1321 1205 1398 τῆς

98 1423 245 1507 Ἀσιανῆς
259 1418 481 1509 τυγχανούσης,
507 1419 524 1488 ό
540 1423 733 1505 συντελίστης
746 1416 892 1498 ἀπώλετο,
914 1422 1042 1505 χρυσίον
1055 1419 1132 1508 πρὸς
1144 1424 1206 1484 τῶν
1231 1422 1234 1431 “

104 1524 378 1612 δασμολογοόνιων
397 1525 464 1592 riori
479 1533 539 1592 τῶν
555 1529 643 1591 εἰδῶν
660 1520 911 1610 εἰσπραττόμενος
918 1570 930 1602 ,
953 1525 1032 1608 μηδὲ
1046 1525 1207 1588 διαπωλείν

103 1630 146 1696 τά
159 1629 225 1714 εἶ’δη
245 1626 410 1714 δυνάμενος
423 1626 529 1718 πόρρω
542 1627 705 1712 θαλάσσης
725 1627 948 1719 άπιγκισμίνος,
971 1625 1050 1710 μηδὲ
1067 1628 1206 1691 δαπανᾶν

104 1730 150 1811 ῶς
169 1731 265 1798 πάλαι
284 1741 328 1822 τῷ
350 1736 487 1822 δημοσίῳ
504 1729 762 1821 συγχεοροδμενος.
811 1727 930 1807 τοάτοις
944 1727 1134 1814 ἠκολούθησε
1153 1730 1206 1794 καλ

61 1835 127 1922 15η
144 1841 207 1904 τῶν
220 1837 421 1921 ἐνιδρυμένον
442 1845 507 1914 τοῖς
528 1835 632 1914 τόποις
650 1832 885 1924 στρατευμάτων
898 1830 1063 1916 μετάθεσις
1081 1830 1156 1920 πρὸς
1170 1830 1205 1896 τό

99 1943 251 2030 χρειῶδες
263 1937 323 2008 ὑπὸ
339 1946 399 2008 τῶν
413 1947 522 2006 κοινῶν
533 1940 690 2026 γενομένη,
722 1935 763 2016 ῶς
783 1937 842 2003 κάκ
856 1934 965 2003 τοότου
983 1941 1037 2002 τοῦ
1053 1931 1206 2022 συγκυρή-

101 2068 206 2127 ματος
218 2049 279 2109 τῶν
291 2050 416 2132 καρπῶν
428 2041 671 2127 ἐναπομενάντων
681 2049 719 2128 τῇ
727 2038 915 2133 χάρη,,[καί]
931 2039 1002 2116 τοδς
1016 2039 1072 2122 μίν
1090 2035 1207 2127 φόρους

103 2149 151 2226 εἷς
168 2148 297 2236 χρυσίον
317 2152 568 2235 μεταβληθῆναι,
592 2144 665 2224 τοδς
685 2147 719 2212 δὲ
742 2143 878 2232 καρποδς
900 2144 1108 2228 άπογεοῢσθαι
1130 2138 1203 2206 κατ’

103 2249 184 2329 ἴτος.
220 2254 272 2316 καί
288 2249 352 2316 εἴθε
366 2248 461 2334 μόνος
476 2250 568 2328 αδτὸς
582 2253 634 2316 καὶ
649 2247 745 2333 μόνην
760 2249 873 2333 ἐκείνην
887 2245 943 2332 τὴν
957 2247 1104 2332 ίπαρχίαν
1120 2243 1206 2326 ίτυχε

58 2350 286 2440 θθδιατρῶγων
292 2402 303 2434 ,
335 2355 387 2420 καί
405 2353 449 2439 μὴ
469 2353 547 2420 καθ’
564 2351 694 2437 ἑκάστην
709 2350 798 2418 πάλιν
811 2378 842 2418 τε
856 2353 906 2418 καλ
916 2347 1023 2440 χῶραν
1038 2344 1102 2426 οἷος
1115 2346 1207 2426 αὐτὸς

105 2455 213 2536 ἄλλοι,
239 2459 290 2522 καί
298 2459 422 2544 χείρους
437 2457 532 2524 αὐτοῦ
537 2504 548 2536 ,
575 2456 628 2524 τὸν
643 2453 732 2547 δποίμ
745 2455 778 2520 δ’
795 2455 834 2521 άν
847 2453 1115 2542 κατορωρυγμένον
1132 2451 1207 2534 ὀβο-

103 2561 161 2626 λδν
173 2559 366 2639 ἀνασπῶντες
377 2567 549 2647 παρῆλθον,
567 2559 697 2649 στρατόν
711 2556 889 2646 ἀλαστόρων
901 2559 953 2624 καὶ
969 2557 1062 2645 στίφη
1071 2557 1207 2622 Καππα-

103 2667 208 2731 δοκῶν
217 2661 449 2752 ἔπισυρόμενοιί

178 2807 270 2890 11on
284 2823 319 2860 πε
337 2802 485 2893 τείνοντας,
495 2807 530 2862 1³¹.
615 2803 683 2863 7τό
700 2807 780 2878 vulgo
796 2817 848 2860 om.
922 2796 1207 2890 ε1οίξυῖλεείγοεγ11.

114 2895 117 2904 ⁴
176 2825 399 3009 ἑίμτιρρκὸίμενα
414 2881 448 2948 Γ,
465 2873 661 2946 ammonicus
671 2878 709 2936 ιΟ.
814 2876 849 2932 16
864 2871 1006 2941 aconio?
1086 2873 1207 2928 Quou-

101 3066 174 3122 rime
191 3066 303 3133 afferro,
320 3066 424 3138 quando
443 3081 477 3121 us
493 3067 578 3138 ipsum
596 3083 722 3122 oceanum
738 3065 817 3120 armis
833 3065 985 3120 lustrantes.
1020 3059 1102 3118 caleri
1116 3059 1209 3144 itaque

104 3153 188 3192 cursu
201 3135 331 3191 nuntiatio
347 3145 408 3190 ante
424 3083 519 3191 lamam
536 3139 627 3192 fiebat.
661 3146 690 3190 et
706 3136 756 3190 hoc
772 3143 826 3190 tam
841 3135 957 3190 salutaro
973 3129 1149 3202 reipublicae
1164 3145 1208 3212 un-

103 3205 228 3260 stitutum
245 3205 299 3258 lata
314 3205 359 3259 illa
375 3205 479 3259 maxilla
495 3205 584 3260 delore
601 3223 650 3259 sua
665 3205 830 3259 nuntiatione
847 3203 993 3286 coustituit!
1011 3213 1039 3256 au
1052 3213 1210 3268 consangui-

103 3293 186 3398 ἓξὲξ
200 3273 1210 3415 tillut„tttttltqlull}„ttlffltt‘sltlczlt‘utuz

102 3413 169 3485 ipsu
185 3411 341 3482 lapidosior‚
366 3413 408 3467 rei
427 3413 577 3469 utilitatem.
611 3416 762 3485 praefectus
778 3385 844 3466 τοία
860 3411 944 3465 inscio
964 3379 1123 3479 imperatole
1143 3401 1210 3475 (qui

40 3527 42 3530 .
104 3483 179 3537 enim
196 3481 308 3552 publicis
327 3481 517 3538 calamitatibus
537 3482 732 3550 indulsissot‘l)
751 3489 779 3536 st
795 3483 846 3536 hoc
862 3481 904 3534 rei
923 3479 1044 3551 publicae
1060 3475 1211 3530 institutum

103 3550 247 3606 exstinxit.
268 3553 330 3606 inde
344 3553 401 3606 culn
417 3553 521 3624 species
539 3571 590 3606 non
607 3551 732 3606 vendites
746 3552 775 3606 in
788 3549 1000 3621 possessionibus
1016 3549 1210 3618 putrescerent,

104 3621 210 3676 Asiana
243 3620 363 3676 revincia
379 3623 437 3676 fare
450 3623 478 3676 in
493 3623 651 3676 frumentum
664 3637 802 3688 converse,
820 3619 928 3674 collator
939 3617 1029 3687 pariit,
1046 3631 1137 3668 aurum
1147 3629 1211 3682 spe-

105 3691 208 3746 cierum
225 3637 283 3743 loco
301 3692 334 3745 ab
351 3692 517 3776 erectoribus
535 3691 695 3764 postulatus,
718 3707 776 3745 cum
792 3706 877 3772 neque
893 3688 1011 3742 rendere
1027 3685 1130 3755 species
1143 3697 1212 3804 pos-

105 3759 1211 3899 :tt⁹2⁰1:thhlltltclffiztbt'ttttll‘?sustulisti

106 3919 126 3954 a
142 3899 317 3954 concordibus
333 3899 386 3954 illis
400 3899 535 3964 marcloth
555 3900 654 3970 quippo
671 3908 700 3953 et
716 3899 765 3951 bac
780 3899 923 3952 mutatione
944 3897 1034 3964 fruger
1052 3891 1081 3946 in
1100 3892 1210 3961 regione

106 3971 261 4037 manebant,
278 3971 390 4039 dumque
405 3969 504 4024 tributa
520 3968 549 4022 in
566 3985 673 4037 aurum,
690 3969 766 4038 ipsae
780 3967 809 4020 in
825 3975 923 4022 terram
940 3963 1080 4036 quotannis
1096 3979 1209 4016 conrar-

105 4039 244 4092 tcbautur.
288 4048 369 4108 atquo
385 4039 483 4092 utinam
498 4037 569 4092 solus
585 4038 644 4108 ipsa
661 4036 794 4106 solemque
809 4036 879 4090 illam
896 4034 1058 4106 provinciam
1072 4033 1211 4088 exhausis-

106 4117 168 4174 set,
187 4125 275 4178 nequa
288 4109 317 4162 in
334 4125 489 4178 unaquaque
507 4107 615 4162 civitate
631 4106 838 4178 provinciaque,
862 4105 946 4177 qualis
962 4105 1036 4174 ipse,
1063 4103 1126 4172 elii,
1149 4102 1209 4188 ipso

107 4177 190 4230 etiam
204 4176 324 4248 peiores,
351 4179 500 4248 ubicunque
516 4180 617 4232 demum
640 4177 772 4232 defossum
793 4175 896 4230 obolum
910 4175 1077 4230 retrahentes
1092 4173 1207 4246 prodiis-

108 4255 180 4316 sent,
198 4247 317 4320 exercitu
333 4248 493 4302 nolanorum
509 4257 537 4302 et
553 4247 701 4322 agminibus
718 4247 904 4321 Cappadocum
915 4244 1023 4318 stipati!
