3100 4958
533 331 778 402 PRAEFATIO.
1128 355 1214 406 uuus

105 535 147 596 eis
158 533 228 598 loco
240 529 332 606 sciri,
352 547 415 592 non
430 531 495 592 erui
510 528 634 592 aliunde
648 549 754 616 posse,
774 549 951 618 quanquam
964 529 1081 595 divinas
1098 532 1213 598 burne.

103 673 219 739 aesque
236 651 321 733 leges
337 647 512 732 disciplima
527 651 688 734 religiones
704 655 779 716 ritus
798 650 939 713 historias
957 665 1111 734 veterum,
1133 677 1213 740 que-

104 785 192 836 tenus
207 772 304 834 literIs
325 791 431 832 eorum
445 768 538 834 hodie
558 775 764 852 continentur,
786 773 879 856 probe
893 783 996 835 tenses
1018 774 1160 855 (temetsi
1174 780 1209 837 in

105 895 239 955 virorum
256 891 302 952 sio
321 889 478 954 doctorem
495 911 622 953 numero
634 894 761 953 minime
774 913 830 974 ego
844 914 895 954 me
908 893 1061 976 ponem):
1081 899 1108 957 si
1126 917 1162 956 ee
1176 908 1210 957 te

106 1015 208 1076 omniu
222 1009 374 1091 deserunt,
397 1031 457 1096 quo
472 1009 649 1092 oonlbgies‘l
671 1014 725 1095 qul
737 1016 835 1094 possis
850 1013 970 1074 erioleri
984 1033 1060 1096 quse
1075 1035 1210 1076 wenne-

104 1131 187 1194 rintl
216 1135 277 1210 ita,
303 1133 375 1192 licet
396 1133 562 1214 plurimum
577 1134 616 1192 sit
631 1135 775 1215 temporis
792 1153 875 1194 eme
891 1136 925 1194 in
940 1133 998 1195 boo
1017 1137 1210 1215 potissimum

104 1255 275 1335 fragmento
290 1250 474 1312 restituendo
491 1261 717 1332 consumptum,
738 1272 798 1312 uon
818 1263 920 1312 temen
936 1253 1063 1314 arbitror
1077 1257 1209 1316 multum

104 1391 152 1432 me
176 1371 358 1454 proiecisse,
380 1371 459 1432 illud
483 1389 579 1431 unum
600 1373 793 1452 pronuntiere
814 1389 924 1448 susus,
946 1391 996 1430 me
1011 1393 1123 1454 megno
1138 1395 1208 1435 cum

104 1496 225 1571 labore,
248 1492 421 1574 diligentia,
443 1493 631 1552 contentione
649 1493 743 1551 enimi
759 1511 795 1550 es
807 1493 840 1550 in
854 1511 886 1551 re
900 1511 965 1552 esse
980 1505 1142 1554 versutum.

187 1619 226 1677 In
249 1616 345 1690 notis,
368 1631 437 1672 curn
458 1610 498 1671 ed
521 1613 643 1671 Osteute
662 1623 729 1670 tum
752 1609 792 1670 sd
809 1611 1012 1692 fragmentum
1027 1617 1073 1674 lle
1088 1616 1204 1676 mensi·-
1226 1613 1267 1678 12

102 1735 178 1813 bns,
200 1753 264 1796 nno
290 1735 356 1795 solo
376 1734 443 1794 loco
463 1733 583 1813 longius
603 1733 667 1791 fere
691 1751 784 1814 quem
801 1734 941 1794 volentes
961 1736 1021 1796 fuit
1042 1735 1135 1815 (nem
1148 1755 1208 1815 po-

103 1858 232 1918 tuissem
254 1874 352 1936 peene
375 1856 407 1913 in
431 1854 560 1934 singulis
578 1853 723 1932 vocibus)
744 1871 764 1912 s
780 1856 934 1935 proposito
952 1873 1021 1915 sum
1039 1853 1207 1934 degressus,

104 1996 132 2057 p·
146 1982 210 2044 393
227 1995 297 2058 sqq.
321 1976 376 2036 ubi
396 1974 446 2056 egi
464 1972 503 2034 de
522 1977 606 2034 reris
627 1973 843 2054 significatione
863 1973 947 2033 verbi
970 1967 1103 2055 dqxsso'e.
1146 1975 1207 2033 elio

104 2097 168 2158 loco
189 2098 383 2158 institueram
405 2092 503 2154 dicere
524 2091 562 2153 de
586 2091 739 2154 codicibus
761 2094 911 2174 rescriptis
930 2090 1130 2154 bibliotbeoee
1145 2094 1207 2152 lie-
1222 2109 1252 2165 p·
1271 2107 1342 2149 axrr

109 2219 181 2298 gire.
227 2217 340 2277 etenim
358 2233 428 2274 cum
445 2216 582 2294 egregius
600 2215 785 2296 antiquitatis
808 2211 922 2273 vindex
941 2215 1075 2294 Angelus
1097 2217 1207 2295 Maius,

107 2347 168 2398 tum
189 2357 265 2399 casn
285 2346 316 2396 et
332 2334 476 2393 felicitate
495 2344 561 2392 tum
582 2336 716 2394 maxime
738 2335 800 2393 scri
823 2345 913 2416 etque
934 2345 1047 2394 attente
1069 2333 1208 2396 codicum

103 2456 373 2517 Ambrosienorum
389 2454 639 2536 perscrutatione,
661 2463 705 2514 tot
718 2462 854 2514 veterum
870 2473 960 2534 opere
976 2456 1009 2513 in
1024 2456 1208 2517 membranis

103 2577 308 2656 palimpsestis
328 2575 451 2635 latentis
474 2571 741 2656 deprehendisset,
767 2593 803 2634 es
826 2573 863 2633 ab
890 2575 1012 2633 interitu
1031 2574 1208 2634 mirabiliter

103 2695 257 2758 vindicete
272 2705 388 2754 tentem
405 2697 658 2774 exspectationem
677 2693 839 2754 attuleruut
856 2703 978 2773 repente
996 2693 1150 2768 omnibus,
1172 2701 1207 2750 ut

104 2835 173 2876 cum
193 2815 310 2896 ubique
330 2825 395 2873 tum
417 2823 495 2873 certe
516 2816 638 2875 Parisiis
658 2817 690 2874 in
710 2809 893 2873 bibliothece
913 2822 1034 2888 nostre,
1067 2813 1206 2894 antiquos

103 2937 256 3016 utilesque
275 2933 368 2996 libros
387 2935 462 2994 item
484 2932 657 2995 delitescere
674 2919 905 3015 suspicerentur.
948 2942 1130 3015 quopropter
1141 2951 1204 2990 uon

102 3059 208 3138 pntevi
224 3075 290 3116 esse
309 3055 442 3115 ebenum
455 3053 561 3114 studiis
574 3055 651 3115 meis
666 3055 807 3134 colligere
822 3071 899 3134 quae
914 3063 944 3113 et
958 3073 1016 3112 usu
1030 3050 1205 3134 quotidiano

103 3173 261 3252 codicum,
283 3183 314 3234 et
328 3172 484 3255 diligentis
498 3191 591 3256 quem
605 3193 622 3233 e
636 3193 685 3234 me
700 3176 868 3254 exspectari
887 3178 1022 3234 mexime
1036 3182 1128 3252 puto,
1148 3191 1207 3253 po-

104 3298 217 3356 tuerim
234 3295 299 3354 eius
313 3296 430 3374 generis
444 3296 477 3352 in
491 3290 642 3352 codicibus
658 3293 779 3353 Greeois
797 3291 896 3354 edhuc
918 3295 1108 3373 investigere.
1152 3313 1207 3352 ee-

103 3436 163 3499 qne
178 3427 244 3476 erat
258 3415 291 3473 in
304 3414 405 3473 enimc
418 3411 598 3490 subiungere
610 3413 699 3471 notis.
740 3423 845 3491 postes
859 3433 941 3489 vero,
964 3431 1032 3472 oum
1045 3415 1078 3471 in
1092 3413 1206 3471 molem

103 3538 174 3598 iusti
189 3535 354 3598 voluminis
368 3529 503 3592 viderem
516 3549 705 3606 excrescere,
726 3533 819 3592 setius
842 3530 917 3592 duxi
934 3533 1068 3593 conferre
1081 3535 1112 3591 in
1130 3534 1206 3593 scri-

103 3659 242 3737 ptionem
260 3653 462 3733 singularem,
485 3669 578 3732 quse,
599 3659 634 3708 ut
653 3669 755 3730 spero,
775 3649 952 3732 propediem
969 3650 1121 3732 prodibit,
1143 3671 1205 3712 non

106 3795 165 3858 quo
190 3772 314 3835 oredem
338 3793 374 3833 ee
392 3791 458 3832 esse
475 3773 565 3845 tenti,
594 3767 650 3829 sed
663 3789 703 3829 ne
724 3769 758 3828 in
775 3791 808 3830 re
827 3789 905 3851 quse
922 3790 1004 3830 nunc
1018 3773 1153 3831 maxime
1172 3773 1205 3830 in

106 3891 256 3955 desiderio
271 3903 316 3952 est
330 3893 374 3950 rei
387 3891 525 3973 publicae
538 3890 685 3950 litereriee
699 3891 792 3971 inque
804 3909 855 3950 ore
870 3900 900 3948 et
911 3909 1050 3951 sermone
1058 3895 1204 3968 omniurn,

106 4031 160 4074 nos
184 4013 244 4074 soli
266 4013 406 4086 Parisiis,
433 4005 615 4070 bibliothece
635 4009 838 4089 copiosissime
857 4029 891 4069 ec
915 4007 1052 4069 codicum
1071 4012 1206 4071 refertis-

107 4134 200 4210 sime,
223 4129 366 4192 desidiosi
386 4132 555 4212 inertesque
578 4147 643 4188 esse
663 4126 831 4188 videamur.
872 4148 978 4189 verum
1001 4140 1035 4189 ut
1059 4128 1097 4189 ed
1117 4139 1203 4189 notas

107 4267 254 4333 revertar,
275 4255 303 4314 si
323 4249 445 4335 quondo
465 4251 508 4312 ibi
524 4250 625 4312 locum
640 4250 690 4312 rel
705 4249 872 4330 interposui
885 4252 1014 4312 auctoris
1030 4248 1135 4310 inediti
1152 4250 1202 4309 vel
1218 4271 1248 4328 p.
1263 4266 1320 4306 xxi·
