3100 4958
340 341 425 390 xnus
450 320 562 392 lllSlI
585 319 644 389 DE
667 316 829 389 torono
852 317 971 387 troo
997 316 1357 388 GOlllllENTARIUS.

345 521 504 585 delitescit.
545 542 608 583 non
631 518 714 602 quod
738 541 843 581 verear
860 539 900 580 ne
916 517 1015 580 nudus
1028 517 1108 601 Lydi
1119 527 1222 581 textus
1238 517 1344 580 doctis
1357 513 1465 578 homi-

344 629 435 688 nibus
455 647 517 687 non
538 622 687 684 iucundus
709 626 748 683 sit
767 624 903 699 futurus,
924 625 974 683 vel
990 621 1072 704 quod
1085 633 1189 703 putem
1202 625 1364 683 iuveniles
1376 643 1464 684 meos

298 723 302 731 ’
345 739 468 790 mnetus
489 749 555 790 csse
575 731 669 790 tanti:
690 725 745 787 sed
764 737 799 788 nt
820 747 924 788 omnes
944 727 1114 806 intelligant
1130 725 1328 786 elaboratum
1345 745 1416 788 esse
1431 730 1464 784 in

344 834 404 892 ista
422 833 625 914 qualicunque
647 849 754 910 opera,
782 841 817 890 nt
836 831 1008 890 liberalitati
1031 830 1229 889 illustrissimi
1250 831 1405 906 fautoris,
1436 832 1463 890 si

344 938 447 996 minus
468 935 574 995 ceteris
592 934 696 1008 rebus,
718 931 875 1013 diligentis
890 943 969 993 certe
983 931 1223 1013 responderetur.
1268 953 1377 1016 neque
1389 951 1462 992 vero

346 1039 374 1098 si
388 1057 448 1120 que
459 1049 530 1098 sunt
544 1037 577 1095 in
591 1036 668 1095 libro
684 1033 722 1094 de
738 1037 867 1096 Orientis
879 1038 979 1098 minus
993 1037 1136 1117 perfecto,
1151 1038 1230 1096 sicut
1240 1047 1327 1110 sunt,
1351 1036 1462 1096 iccirco

344 1141 383 1200 ab
405 1141 460 1200 illo
482 1137 601 1200 edendo
625 1133 806 1199 deterrebor.
846 1157 919 1197 narn
940 1149 975 1200 ut
997 1141 1136 1200 universe
1148 1137 1257 1220 Lydus
1273 1141 1409 1198 minimo
1422 1139 1463 1198 sit

346 1261 416 1302 oum
426 1245 554 1303 smnmis
569 1261 677 1302 aureas
690 1243 794 1302 uelatis
806 1243 976 1302 auctoribus
990 1240 1224 1322 comparandus,
1248 1243 1290 1302 iis
1306 1251 1391 1300 certe
1404 1237 1463 1298 ad-

345 1343 550 1405 numerandus
564 1355 610 1406 est
623 1347 677 1426 qui
686 1346 779 1404 totius
792 1341 967 1405 eruditionis
982 1349 1139 1428 antiquae,
1161 1347 1249 1408 cums
1261 1363 1322 1406 nos
1335 1345 1462 1425 perexi-

347 1467 455 1528 guam,
476 1450 645 1508 rnerirnam
658 1444 809 1506 habebant
821 1447 1007 1508 facultatem.
1050 1451 1159 1531 quibus
1171 1451 1204 1509 in
1217 1449 1399 1510 auctoribus
1411 1449 1462 1506 ni·-

346 1549 394 1610 hit
408 1553 472 1612 fere
486 1563 550 1611 tom
565 1551 633 1609 leve
644 1559 768 1630 tamquo
781 1551 862 1610 exile
876 1561 928 1611 aut
940 1561 1030 1611 tenue
1044 1554 1167 1632 reperiri
1180 1562 1273 1633 puto,
1294 1549 1383 1634 quod
1398 1569 1460 1609 non

346 1655 474 1716 alicuius
497 1650 661 1736 aliquando
683 1655 830 1712 momenti
848 1674 933 1732 esse,
954 1653 1073 1736 quodve
1092 1666 1172 1716 recte
1192 1675 1265 1716 cum
1279 1656 1350 1716 eliis
1364 1655 1460 1714 colla-

198 1777 229 1834 p.
244 1765 413 1820 uxnxtum
433 1775 496 1816 non
520 1757 656 1837 aliquem
677 1759 834 1817 venustatis
851 1767 969 1838 portem
983 1778 1061 1819 nova
1073 1759 1142 1819 luce
1157 1759 1338 1819 collustrare
1351 1758 1459 1839 possit.

348 1856 425 1942 qnid
445 1856 528 1940 quod
547 1857 642 1935 mihi,
662 1859 696 1920 in
710 1857 809 1918 studia
822 1856 899 1919 haec
911 1870 1013 1920 nostra
1026 1864 1171 1938 intuenti,
1193 1859 1351 1922 eiusmodi
1364 1860 1459 1920 libro-

347 1983 416 2022 rum
430 1961 540 2037 editio,
561 1964 589 2024 si
604 1964 657 2044 qui
671 1959 770 2022 adhuc
784 1961 894 2038 latent,
915 1960 956 2022 ad
966 1982 1018 2023 eos
1032 1967 1240 2044 potissimum,
1264 1964 1376 2024 ubiubi
1388 1965 1456 2039 sint,

253 2125 255 2144 ,
347 2064 468 2127 videtur
482 2067 641 2146 pertinere,
661 2065 770 2146 quibus
780 2063 915 2125 custodia
928 2065 1066 2126 codicum
1077 2070 1358 2148 manuscriptorum
1371 2085 1458 2126 man-

349 2165 422 2229 data
447 2179 503 2230 est.
546 2169 590 2229 sic
612 2169 695 2227 enirn
716 2169 874 2244 existimo,
897 2188 1044 2249 magnum
1064 2191 1130 2232 esse
1146 2169 1184 2232 ¹iu
1203 2174 1303 2232 literis
1324 2171 1455 2245 Grecos,

348 2283 440 2354 etque
456 2268 532 2331 adeo
548 2273 736 2348 maximum,
758 2275 874 2332 ueteres
888 2270 1048 2334 emendare
1063 2275 1203 2354 ingenio,
1225 2275 1385 2354 explicare
1402 2269 1457 2330 do·

349 2376 464 2450 ctrina,
484 2384 625 2434 naturam
642 2375 788 2434 sermonis
806 2377 998 2454 perscrutari.
1040 2387 1128 2436 acute
1141 2387 1245 2436 tamen
1262 2377 1389 2456 ingenia
1405 2391 1457 2432 us-

348 2496 531 2560 quequaque
554 2475 630 2538 haec
655 2488 791 2558 possunt.
833 2479 888 2537 illa
907 2499 995 2556 vero,
1017 2481 1187 2561 fragments
1206 2478 1327 2540 inedita
1345 2496 1456 2550 eruere,

347 2581 538 2660 glossotores‚
560 2578 748 2657 scholiastes,
763 2591 906 2642 auctores·
915 2581 1106 2644 secundarios
1120 2583 1336 2644 delitescentes
1350 2598 1456 2664 quam-

346 2683 495 2764 plurimos
513 2687 547 2745 in
565 2683 667 2744 lucem
685 2682 855 2762 vindicare,
877 2683 1033 2767 doctisque
1053 2682 1227 2746 hominibus
1246 2687 1292 2746 sic
1309 2702 1390 2745 nora
1401 2679 1455 2741 sd-

314 2797 316 2812 '
346 2787 484 2848 iumenta
505 2799 691 2868 comportare
714 2785 755 2847 ad
778 2789 937 2848 rmirersae
957 2787 1115 2848 venstatis
1134 2787 1391 2868 intelligentiam,
1420 2799 1454 2840 et

347 2890 413 2950 sine
426 2889 566 2952 codicum
578 2893 666 2971 copis
677 2909 768 2950 nemo
780 2899 891 2970 potest.
933 2887 993 2950 hnc
1006 2893 1166 2972 praecipue
1179 2902 1253 2953 sont
1266 2892 1376 2970 opinor
1387 2903 1454 2967 ptr-

315 3017 321 3029 ·
346 3002 393 3053 tas
413 3005 549 3071 nostroe,
576 3013 685 3074 parum
704 2990 854 3054 iucundae
873 2994 1018 3071 fortasse,
1045 2992 1101 3056 sed
1117 2995 1224 3056 utiles:
1248 2991 1362 3076 quibus
1379 2993 1454 3048 recta

347 3097 422 3155 actis
435 3107 465 3164 st
480 3099 553 3158 satis
563 3097 662 3157 officio
676 3107 779 3157 nostro
793 3099 909 3158 facturn
920 3117 986 3160 esse
996 3108 1081 3179 puto,
1102 3107 1134 3160 et
1146 3095 1267 3158 abunde
1280 3093 1453 3178 praestitum

348 3198 565 3260 existimationi
580 3202 722 3286 vitaeque
736 3211 869 3263 nostrae.
