3038 4950
314 383 388 459 eae
496 464 499 472 ‚
594 379 705 450 msn
730 377 1133 448 mmmvausronns

314 550 482 630 congessit,
510 551 542 608 in
563 549 657 608 altero
675 549 823 608 latinitate
844 546 968 606 Aemilii
991 547 1092 622 Porti,
1112 545 1214 606 Procli
1231 542 1410 626 theologiam

316 637 503 696 Platonicam
524 635 604 716 (nou
620 635 700 692 male
713 631 910 714 plerumque)
932 633 1119 712 interpretati
1136 651 1178 691 ex
1192 633 1317 691 Graeco.
1358 652 1410 691 vo-

319 723 419 780 culam
436 713 518 798 nepai
539 739 600 778 non
618 739 708 780 aueue
727 738 796 778 eum
814 707 949 777 inutare:
970 727 1061 798 cupra
1076 735 1197 800 qnoque
1214 714 1318 798 Lydos
1331 710 1410 800 nepti

318 805 443 866 adhibet
455 807 634 879 miroremu
648 825 679 884 p.
692 801 753 868 275
776 807 826 877 10,
847 807 910 869 276
933 805 964 865 6.

402 910 434 970 p·
449 895 509 956 117
524 909 554 950 r.
569 890 600 952 4.
643 889 695 952 uui
708 883 873 968 λαμβάνειν
887 925 927 938 -
942 885 1067 969 βιαίοις]
1088 905 1129 946 ex
1141 886 1249 946 Proclo
1262 882 1412 964 Theolog.

318 975 437 1036 Platon.
452 974 513 1039 258
527 976 551 1034 0
563 995 659 1054 paene
671 973 711 1034 ad
724 973 858 1034 verbum.
902 975 1003 1033 confer
1016 992 1094 1056 quae
1107 981 1211 1032 auctor
1220 975 1263 1032 ait
1274 991 1365 1052 cupra
1376 969 1412 1030 de

319 1062 449 1122 Satumo
464 1081 494 1140 p.
507 1063 569 1123 800
593 1065 642 1124 11.
942 1073 944 1079 “

405 1144 447 1204 ib.
467 1165 496 1204 v.
513 1147 563 1208 12.
606 1139 766 1224 οἰιὲχοντες
786 1136 942 1224 κράμβης]
962 1151 1049 1202 vetus
1069 1142 1278 1224 prouerbium,
1301 1137 1412 1200 aanor

321 1231 366 1290 bic
373 1233 475 1310 poetic
486 1251 566 1287 mora
572 1253 585 1302 ,·
606 1251 705 1312 neque
722 1230 867 1308 religIone
882 1229 1000 1287 carebat
1011 1227 1086 1287 haec
1101 1227 1214 1287 herba:
1235 1227 1287 1286 adi
1300 1229 1411 1285 linem.

317 1315 415 1396 Adag.
430 1317 452 1377 2
475 1318 535 1380 197
549 1317 585 1374 Β.
628 1315 776 1396 pupillam
794 1331 913 1416 quoque
927 1325 956 1372 et
970 1317 1069 1373 virum
1081 1312 1257 1374 credebatur
1265 1312 1414 1370 hebetare.

405 1397 447 1458 ib.
464 1419 493 1458 v.
512 1402 561 1463 18.
603 1420 665 1461 vox
687 1393 888 1480 α’γοιλμοειδης
906 1397 1020 1476 adhuc,
1042 1401 1164 1478 opinor,
1186 1399 1327 1458 alexicie
1341 1417 1415 1456 exn·

320 1487 380 1562 lat3
402 1505 459 1544 nec
480 1485 542 1544 ecio
560 1505 598 1543 en
616 1489 722 1566 Euryti
743 1483 973 1544 Lacedaemonii
991 1485 1078 1566 lyrici
1095 1486 1208 1544 mentio
1225 1482 1349 1542 aliunde
1363 1503 1416 1542 ex·

319 1581 388 1632 etet.
431 1571 580 1650 Eurytum
594 1571 810 1644 Crotoniatem,
833 1567 964 1628 Philolai
976 1569 1173 1650 discipulum,
1194 1567 1416 1650 Pythagoreum

318 1665 467 1717 memorat
481 1655 665 1716 lamblichus
681 1657 749 1716 Vita
762 1652 926 1736 Pythagor.
945 1659 1004 1721 117
1020 1657 1047 1715 Δ
1067 1665 1099 1714 et
1120 1654 1180 1718 120
1196 1657 1221 1712 Β
1238 1651 1287 1712 ed.
1301 1657 1416 1714 Kuster.

404 1739 446 1800 ib·
464 1760 495 1800 v·
510 1743 563 1806 20.
605 1742 659 1806 uui
679 1735 781 1821 λάθρα
795 1743 845 1802 ’ποῖ
867 1735 980 1821 Hiero]
1003 1741 1141 1819 aupplevi
1155 1759 1195 1798 ex
1207 1743 1340 1818 epitome
1353 1739 1417 1797 libri

320 1825 359 1886 de
372 1827 501 1886 mensib.
516 1847 547 1906 p.
561 1825 603 1890 48
625 1829 677 1891 21.
717 1801 892 1906 aedibiprc
906 1803 1016 1910 Πδρρῳ
1031 1824 1195 1906 legendum
1211 1819 1323 1910 Πόρῳ,
1345 1835 1375 1882 et
1387 1827 1416 1882 in

321 1923 496 1993 argumento
509 1913 602 1972 latino
617 1911 734 1990 Porrho
750 1911 890 1970 similiter
901 1909 1090 1970 mutandum.

403 2018 434 2077 p.
453 1997 512 2060 118
529 2017 559 2056 r.
574 1999 605 2059 2.
646 1991 812 2078 Ἅγωάλια]
842 1997 885 2056 alc
904 2007 1077 2070 exaratum,
1108 1995 1181 2054 vitic
1202 2004 1254 2053 aut
1273 1994 1413 2053 librarioli

319 2092 372 2142 aut
389 2083 484 2162 ipeiua
503 2080 592 2162 Lydi.
634 2079 717 2142 idem
735 2081 884 2160 Agonalia
900 2100 935 2139 ac
948 2081 1147 2160 Septimontio
1163 2079 1204 2139 ad
1217 2081 1237 2142 4
1252 2083 1333 2138 Νοιι.
1349 2082 1412 2137 Dec.

318 2167 438 2227 videtur
452 2168 612 2240 collocare,
635 2165 689 2226 aad
702 2185 857 2226 vereorne
869 2185 1037 2246 perperam.
1080 2167 1171 2245 vulgo
1193 2161 1273 2224 certe
1293 2175 1415 2246 utraque

318 2254 488 2312 referuntur
503 2251 542 2310 ad
558 2258 577 2317 8
593 2251 639 2312 Ιδ.
655 2247 791 2312 eiusdem
804 2253 933 2327 meneie,
955 2253 1131 2329 gravissimo
1148 2270 1296 2310 consensu
1312 2248 1418 2308 kalen-

320 2337 471 2398 daricrum
494 2348 647 2412 veterum,
673 2339 724 2396 vel
745 2337 932 2418 (marmorea
952 2336 1040 2418 dico)
1060 2339 1264 2411 Praenestini,
1287 2339 1419 2396 Amiter-

318 2425 400 2500 nini,
421 2421 585 2500 Auentini,
606 2421 824 2482 Meffaeiorum.

403 2506 445 2565 ib.
463 2526 491 2564 v.
506 2513 538 2572 7.
580 2505 653 2590 ὄρος
675 2507 863 2586 Παλατῖνοι]
887 2507 1026 2566 univerae
1048 2527 1174 2583 moneo,
1195 2517 1248 2566 aut
1266 2506 1419 2566 oblivione

317 2593 413 2672 ipsine
424 2589 504 2672 Lydi
517 2604 570 2654 eut
583 2591 711 2652 ruditate
725 2603 816 2674 etque
831 2593 1026 2671 incogitantia
1040 2593 1170 2666 librarii,
1192 2589 1418 2673 quattuordecim

317 2679 535 2737 illa'montium
551 2682 674 2738 nomina
689 2676 854 2737 admodum
866 2697 932 2736 esee
943 2689 1096 2757 corrupta.
1139 2677 1178 2737 de
1195 2677 1300 2736 Coelio
1317 2687 1419 2736 monte

318 2760 389 2824 ride
404 2765 429 2824 1.
443 2761 514 2826 ctu.
527 2767 691 2826 lienricum
704 2767 819 2825 maura
832 2760 872 2823 ad
884 2763 1035 2824 Velleium
1048 2765 1164 2826 Patare.
1179 2763 1241 2828 553
1257 2763 1292 2822 0.

752 3089 959 3108 m

435 3385 499 3477 IN
533 3385 797 3478 LIBRUM
831 3391 919 3476 DE
957 3385 1301 3477 OSTENTIS.

401 3645 432 3710 P·
453 3629 526 3690 273·
570 3629 680 3690 ΠΕΡΙ
703 3633 1007 3710 ΔΙΟΣΗΜΕΙΩΝ]
1038 3630 1076 3689 de
1099 3623 1251 3689 scribendi
1273 3625 1414 3684 varietate

315 3707 407 3770 modo
421 3711 568 3771 feminino
585 3731 694 3792 genere
707 3716 741 3777 ui
754 3717 926 3796 διοσημεῖαι
941 3720 1004 3776 eive
1020 3715 1185 3796 διοσημίαι,
1206 3709 1298 3771 modo
1311 3719 1413 3768 neutro
1515 3743 1516 3768 ;

315 3792 353 3858 ed
371 3797 545 3878 διοσημεῖο,
576 3809 610 3856 ut
624 3799 702 3858 inira
716 3821 747 3880 p.
762 3803 824 3866 829
848 3804 905 3877 17,
935 3807 994 3868 881
1020 3807 1076 3876 12,
1105 3809 1231 3878 egerunt
1247 3791 1414 3856 liittenhn-

317 3883 379 3941 sius
397 3881 438 3943 ad
454 3880 612 3942 lamblich.
631 3882 668 3943 da
686 3889 746 3944 vita
761 3885 924 3967 Pythagor.
939 3891 980 3952 30
994 3888 1017 3945 0
1033 3885 1082 3946 ed.
1097 3889 1215 3946 Kueter.
1229 3893 1259 3941 et
1272 3884 1318 3940 vir
1331 3897 1412 3938 eum-

316 3987 384 4026 mua
397 3969 569 4030 literaturae
583 3969 714 4028 Graecae
727 3993 782 4052 per
798 3973 910 4032 Galliae
925 3975 1081 4052 princeps,
1102 3975 1145 4030 lo.
1159 3971 1208 4028 Fr.
1222 3962 1409 4034 Βοίιιοοιδο,

317 4071 386 4110 curn
412 4052 451 4113 ad
474 4057 605 4134 Eunapii
625 4056 708 4115 Vitae
728 4055 888 4137 sophistae.
907 4057 968 4122 498
981 4061 1027 4132 Α,
1050 4067 1114 4116 tum
1131 4054 1170 4115 ad
1189 4055 1338 4112 Marinum
1355 4047 1407 4113 141

319 4148 349 4194 et
365 4138 436 4204 149.
479 4141 636 4219 διοσημεῖα
651 4159 770 4224 quoque
785 4141 1214 4201 titulueeetadhncexatantie
1228 4139 1408 4214 Arateipoi·
1514 4133 1515 4144 ¹

319 4225 419 4283 matie.
455 4225 509 4283 sed
521 4228 604 4284 enlm
615 4229 758 4305 quoniam
773 4227 876 4306 Lydus
890 4229 955 4306 ipae
969 4225 1061 4288 habet
1079 4229 1247 4306 διοσημεῖαι
1261 4245 1290 4304 p.
1302 4223 1359 4285 279
1375 4219 1405 4288 6.

317 4311 379 4369 τῶν
389 4307 680 4389 διοσημειοδνρι277
700 4316 748 4389 10,
759 4314 822 4379 288
841 4315 891 4388 20,
903 4313 966 4378 341
983 4317 1034 4388 21,
1048 4318 1113 4388 ταῖς
1123 4301 1404 4392 διοσιημείιισεῙ)·981

319 4393 376 4470 21,
397 4395 459 4459 283
482 4394 539 4471 15,
569 4395 743 4476 διοσημείας
755 4417 788 4480 p·
800 4397 863 4466 280
887 4401 923 4480 1,
950 4395 1002 4458 hic
1016 4416 1136 4482 quoque
1151 4417 1213 4457 uon
1227 4389 1405 4475 διοσημείαν.
