3100 4958
480 331 540 398 DE
556 329 768 400 MENSIBUS
784 329 827 401 11.
1155 327 1205 400 25

106 501 283 590 γεννώμενον
302 501 358 572 mlx
374 499 446 570 ἄνευ
459 499 605 588 κινήσεως
619 502 694 585 ἔστι,
712 502 748 570 τό
762 503 818 586 μέν
828 503 882 568 ἵνα
894 497 1034 589 γεννὴση,
1056 501 1092 569 τδ
1106 501 1141 567 δέ
1153 503 1206 566 Ιι’να

104 615 249 696 γεννηθῇ,
277 605 319 686 ὡς
340 608 391 672 καὶ
413 607 506 686 αότός
530 604 547 674 ό
568 606 671 696 ῥήτωρ
692 602 709 672 ό
726 612 924 694 Ταραντῖνος.
950 608 1026 694 φησὶ
1041 607 1076 670 δέ
1090 604 1204 681 οὕτως·

101 711 187 778 “itu
206 713 270 800 γάρ
290 709 411 796 ἡγεμὼν
430 712 482 776 καὶ
502 708 605 799 άρχων
624 708 767 777 ἁπάντων
782 706 826 787 εἷς
840 709 887 776 ἀεὶ
901 709 944 775 τόν
959 707 1046 788 θεός,
1067 706 1207 792 μόνιμος,

104 816 249 900 ἀνόνητος,
274 815 368 892 αότδς
380 811 480 902 ἑαυτῷ
492 813 624 898 όμο,ιος.”
651 814 681 879 οῖ
693 815 728 879 δέ
742 814 956 898 μαθηματικοὶ
969 813 1047 900 πρὸς
1059 812 1094 877 τό
1108 817 1208 894 μυθι-

83 918 232 1005 όιάτερον
254 917 395 1006 ῥέποντες
411 923 456 1006 τῷ
470 915 583 1006 Κρόνῳ
603 917 660 1001 τὴν
680 915 817 1000 ε’βδόμην
835 913 953 1004 ἡμέραν
973 921 1207 1003 προσηωνοῦσιν

103 1022 185 1087 οἱονεὶ
199 1028 245 1110 τῷ
260 1024 355 1108 πατρὶ
369 1027 429 1086 τῶν
445 1021 592 1109 ἐμφανῶν
605 1027 706 1088 θεῶν·
732 1020 835 1104 ἐπειδὴ
853 1020 912 1107 γὰρ
929 1025 991 1084 τῶν
1004 1020 1207 1101 πλανωμένων

102 1124 216 1192 πάντων
229 1121 426 1212 ιάμηλότερσς
438 1121 455 1190 ό
467 1131 523 1191 τοῦ
538 1123 609 1210 παρ’
625 1121 859 1212 αότσΐςΚρόνου
874 1123 991 1208 λέγεται
1006 1120 1115 1208 άστὴρ,
1125 1121 1209 1210 αὐτῷ

102 1231 193 1310 δῆθεν
208 1227 269 1312 τὴν
285 1225 423 1312 ἑβδόμην
437 1223 555 1316 ἡμέραν
570 1227 713 1293 ἀνέθεντο
731 1223 773 1304 ιός
790 1224 936 1314 ἀνωτάτην
951 1223 1084 1292 πάντων.
1109 1222 1130 1310 ἡ
1145 1227 1210 1291 τοέ-

101 1359 150 1396 ναν
167 1329 311 1414 ἕβδομός
330 1333 509 1415 συνέστηκεν
528 1333 561 1410 έξ
581 1328 648 1407 ἕνδς
668 1333 721 1398 καὶ
739 1332 826 1396 δυοῖν
842 1331 894 1395 sul
909 1327 1072 1417 τεττάρων,
1098 1327 1211 1414 έὴγουσα

71 1443 97 1498 10
103 1434 154 1499 δόο
168 1435 284 1522 λόγους
298 1431 574 1522 άρμονιιιωτάτους,
599 1432 653 1502 τόν
667 1459 700 1500 τε
713 1431 892 1522 τριπλάσιον
907 1434 959 1500 καὶ
972 1432 1027 1498 τόν
1039 1430 1211 1519 τετραπλά-
1227 1457 1256 1512 p.
1273 1439 1310 1495 27

101 1541 180 1620 σιον.]
233 1538 297 1623 ἔχει
323 1539 359 1604 δέ
385 1539 436 1603 καὶ
457 1537 620 1626 διαιρέσεις
641 1535 775 1622 ζαγάδην
786 1535 900 1624 τρόπον
916 1536 985 1603 τινὰ
1001 1533 1210 1613 συνεστώσας·

101 1645 260 1729 διαιρεῖται
287 1641 349 1728 γάρ
378 1647 500 1730 πρῶτον
519 1645 563 1718 εἰς
581 1638 704 1724 μονάδα
727 1642 778 1706 καὶ
802 1637 914 1720 ἑξάδα,
939 1638 1042 1706 έπειτα
1069 1643 1112 1718 εἷς
1136 1665 1209 1705 πεν-

100 1743 175 1810 τάδα
197 1747 251 1811 καὶ
276 1742 398 1824 δυάδα,
431 1745 482 1812 ιιιδ
503 1750 675 1812 τελευταῖον
694 1747 738 1821 εἰς
758 1741 871 1832 τριάδα
887 1744 939 1808 καὶ
954 1741 1102 1831 τετράδα·
1127 1768 1208 1827 μου·

100 1846 250 1933 σαωτάτη
267 1843 338 1932 δέὴ
354 1845 470 1915 τοότων
487 1855 549 1916 τῶν
564 1847 710 1935 ἀριθμῶν
731 1847 887 1932 άναλογέα.
909 1849 1048 1913 διατείνει
1062 1848 1096 1912 δέ
1113 1845 1208 1930 αὐτῆς

72 1947 118 2033 1ᾶὴ
136 1950 231 2038 φάσις
251 1953 305 2018 καὶ
325 1951 375 2018 tul
392 1952 448 2034 τὴν
468 1949 582 2040 δρατὴν
604 1947 745 2017 ἁπάντων
766 1949 887 2029 οόσέαν,
914 1949 1045 2038 σόρανδν
1066 1952 1116 2016 καὶ
1141 1957 1208 2036 γῆν.

101 2053 204 2121 αι’·τάια
220 2063 300 2142 γοῦν
314 2053 444 2144 οόρανόν
460 2081 555 2144 φασιν
572 2051 649 2121 έπτδ
663 2056 830 2136 διεζῶσδαι
845 2052 983 2132 κύκλοις,
1010 2044 1052 2118 ὧν
1072 2051 1208 2136 ὀνόματα

101 2155 167 2222 τάδε
173 2205 185 2238 ,
229 2157 376 2246 ἀρκτικός
381 2205 392 2237 ,
431 2157 629 2250 ἀνταρκτικός
636 2207 645 2236 ,
677 2156 802 2246 θερινός
808 2205 819 2236 ,
845 2153 1019 2245 χειμερινάς
1024 2203 1035 2235 ,
1069 2159 1210 2243 ἰσημερι-

100 2258 162 2337 νός,
189 2261 344 2342 ζωδιακὸς
366 2263 418 2327 καὶ
440 2263 566 2351 προσέτι
587 2263 743 2346 γαλαξίας.
787 2257 804 2326 ὃ
828 2262 888 2349 γάρ
912 2267 1050 2338 τοιοῦτος
1073 2259 1210 2346 άριδμδς

102 2363 182 2442 θεῖός
204 2367 301 2431 έστιν.
340 2364 416 2432 ὅθεν
441 2366 480 2434 τά
503 2364 582 2432 κατὰ
605 2365 664 2450 τὴν
683 2360 834 2452 ἡμετέραν
853 2363 960 2448 ψυχὴν
986 2364 1038 2429 διὰ
1060 2369 1115 2430 τοῦ
1137 2360 1210 2448 ἡγε-

72 2473 99 2530 Β)
106 2475 223 2547 μανικοῦ
248 2465 344 2552 λόγου
368 2463 484 2556 ἓπταχῇ
502 2471 651 2552 σχέζεται,
672 2466 751 2556 πρός
772 2493 804 2533 τε
824 2468 911 2533 πέντε
931 2465 1095 2550 αἰσθήσεις
1109 2469 1160 2532 καὶ
1173 2466 1209 2534 τδ

106 2572 271 2656 ηωνηταιόν
290 2569 420 2660 όργανον
438 2574 491 2638 sol
506 2571 554 2638 tul
568 2577 645 2638 πάσι
665 2571 701 2638 τδ
719 2569 853 2657 γόνιμον.
879 2572 931 2636 ucl
943 2571 979 2636 τό
993 2577 1054 2636 πᾶν
1070 2572 1104 2636 δέ
1119 2578 1211 2638 τοῦτο

164 2747 183 2804 l
201 2747 231 2804 ol
244 2745 322 2802 δέ-
337 2747 355 2802 9
369 2741 505 2818 δβδομάς]
521 2746 550 2802 ol
565 2743 597 2804 dl
611 2745 729 2817 μυδιυοδ
742 2747 782 2820 τῷ
790 2743 891 2816 Κρόνῳ
900 2744 953 2818 τὴν
968 2741 1093 2818 ἑβδόμην
1103 2741 1213 2815 ἡμέραν

166 2811 320 2874 άυὲθεντο.
337 2813 376 2878 ὥς
390 2813 528 2872 ἀνωτάτω
538 2814 663 2874 πάντων.
683 2813 699 2887 ἡ
716 2815 840 2887 ἑβδομὰς
851 2817 907 2872 ΒΡ.
1005 2818 1022 2870 9
1042 2811 1161 2884 έγόνταν
1176 2817 1211 2872 V.

166 2890 201 3011 pp
212 2887 328 3010 ἕρσαι]
346 2887 494 2944 διπλάσιον
510 2871 548 2944 v.
654 2889 687 2944 15
707 2883 822 2943 ἅπασαν
837 2886 870 2941 Ρ.
978 2887 1011 2944 17
1026 2882 1143 2955 θερινός
1159 2887 1211 2943 αδδ

195 2975 211 3010 ο
262 2973 304 3011 us.

106 3116 259 3180 generetur,
281 3115 311 3165 ut
333 3109 393 3182 ipss
411 3127 517 3183 quoque
541 3121 632 3166 erutor
647 3109 810 3167 Terentium
827 3113 922 3180 docet,
947 3110 1021 3166 cuius
1044 3110 1111 3164 hoec
1127 3111 1212 3165 verbs

105 3187 174 3232 eunt:
195 3175 260 3234 “est
282 3179 353 3234 enim
375 3183 428 3234 dux
451 3191 479 3235 et
498 3182 623 3252 princeps
647 3182 761 3236 omnium
805 3198 872 3234 unus
898 3198 1003 3250 semper
1019 3197 1076 3234 cum
1093 3180 1130 3234 sit
1144 3182 1210 3236 deus

106 3261 275 3318 permaneus,
291 3250 449 3319 immobilis,
465 3251 518 3305 sibi
533 3251 593 3321 ipse
609 3248 685 3322 pur.”
715 3223 893 3304 metlemntici
908 3267 983 3317 vero,
999 3251 1099 3320 qnippe
1114 3251 1159 3320 qui
1176 3251 1211 3304 nd

108 3315 266 3373 lubulosiom
285 3318 429 3390 inclinent,
454 3320 570 3374 saturno
591 3320 730 3390 septimum
751 3321 821 3374 diem
836 3320 984 3373 attribuunt
998 3327 1121 3390 tunquam
1140 3320 1211 3388 patri

107 3385 302 3442 manifestorum
317 3390 437 3442 deorum.
460 3391 603 3444 cumcuim
618 3389 731 3459 planetis
748 3391 868 3444 omnibus
880 3389 1004 3458 superior
1013 3389 1123 3442 Saturni
1132 3406 1210 3458 quem

109 3453 194 3510 dicunt
208 3456 288 3511 stelle
306 3476 365 3512 esse
380 3461 492 3527 leretur,
507 3459 546 3512 illi
560 3458 689 3512 videlicet
703 3460 842 3529 septimum
857 3458 926 3512 diem
942 3461 1134 3511 consecrabunt
1150 3467 1210 3512 ten-

110 3538 179 3588 qnam
202 3527 319 3580 omnium
341 3545 467 3581 summus.
498 3529 642 3584 hebdomos
663 3529 796 3598 igiturex
813 3546 865 3582 uno
882 3537 910 3580 et
926 3529 1028 3581 duobus
1044 3537 1072 3580 et
1087 3535 1212 3595 quattuor

110 3603 216 3664 constat,
230 3595 333 3651 hebens
343 3599 408 3652 duos
423 3597 542 3652 rationes
558 3598 653 3652 eximie
668 3616 806 3666 consonus,
821 3597 952 3668 triplicem
964 3605 992 3649 ct
1004 3593 1210 3664 quadruplicem.

111 3658 187 3717 lubet
200 3674 289 3719 suum
306 3665 386 3720 etium
401 3665 547 3721 divisiones
565 3668 675 3736 iugstim
691 3669 881 3737 quodammodo
899 3673 1067 3718 constantes:
1084 3663 1213 3717 dividitur

112 3730 174 3784 euim
188 3734 301 3803 primum
318 3735 347 3789 in
369 3737 507 3790 monadem
524 3745 605 3806 etque
620 3735 765 3805 hexsdem,
783 3737 881 3791 deinde
895 3736 924 3788 in
941 3735 1082 3804 pentadem
1098 3751 1130 3786 sc
1145 3734 1212 3800 dyn-

112 3797 180 3866 dem,
196 3804 313 3874 denique
330 3804 358 3857 in
371 3805 483 3860 &ludens
499 3813 580 3876 etque
597 3808 743 3870 tetradem
767 3806 879 3860 maxime
896 3813 983 3856 sutem
998 3803 1098 3855 musice
1120 3802 1213 3855 horum

113 3881 272 3927 numerorum
287 3875 368 3928 rstio.
392 3875 511 3945 pertinet
525 3893 590 3928 vero
607 3875 686 3929 etium
703 3874 761 3928 eius
775 3884 871 3928 nature
880 3873 918 3928 ud
930 3889 988 3926 eum
1002 3889 1070 3940 quse
1086 3873 1137 3924 sub
1151 3889 1215 3925 ocn-

113 3932 148 3988 los
163 3939 234 3994 cidit
251 3943 364 3997 omnnium
385 3961 475 3998 rernm
492 3954 628 4010 munnam,
655 3944 754 3998 eoelum
770 3952 799 3997 et
814 3953 922 3996 terrum.
955 3941 1056 3994 coelum
1072 3939 1171 4011 igitum
1187 3949 1218 3996 nt

114 4001 248 4080 locutor,
265 4022 367 4084 septem
385 4013 491 4066 dreulis
514 4013 627 4067 cinctum
645 4014 753 4080 dieunt,
777 4027 888 4081 quorum
905 4010 1010 4064 nomine
1025 4009 1092 4064 hoec
1107 4021 1216 4081 septen·
1269 4057 1272 4064 .

117 4074 247 4148 trionslis,
265 4081 462 4149 meridionalis,
486 4081 783 4148 sestivus„hibernus,
799 4079 1020 4162 aequinoctialis,
1037 4081 1167 4149 signifer,
1190 4085 1220 4134 et

116 4155 250 4208 praeterea
264 4150 311 4204 vis
324 4150 419 4204 lactem
448 4150 578 4206 eiusmodi
593 4150 664 4204 enisu
682 4167 804 4204 numerus
821 4150 927 4204 divinos
945 4159 996 4204 est.
1031 4149 1123 4232 itaque
1139 4148 1220 4202 enimi

117 4215 195 4296 nostri
220 4218 291 4286 vires
313 4236 362 4288 per
385 4220 529 4288 rationem,
552 4237 621 4290 quse
642 4219 817 4289 principatum
840 4227 929 4288 tenet,
953 4218 1119 4289 septemplici
1141 4219 1218 4270 modo

118 4279 320 4354 distinguuntur,
344 4297 453 4358 praeter
475 4290 592 4359 quinque
611 4306 704 4344 sensus
720 4288 800 4342 etiarn
815 4288 940 4356 loquendi
956 4289 1172 4352 instrumentum,
1191 4295 1220 4338 et

118 4361 176 4416 ΡΜ
190 4355 308 4414 enmono
323 4356 525 4414 instrumentum
539 4359 708 4432 procreandi.
741 4365 771 4415 et
785 4358 937 4414 umvcrsum
953 4359 1005 4414 hoc
1020 4367 1122 4428 septem
1137 4356 1218 4409 rebus
