3100 4958
266 325 316 374 m
498 301 503 312 ’
553 304 667 374 nasu
691 304 749 373 DE
772 303 930 374 tosttttE
953 295 1074 372 LYDO

216 557 221 568 ,
264 509 434 568 conminus
443 504 818 590 pmbaremus(opiuor)iu
832 526 869 566 ec
879 503 1153 586 copiametliteras
1163 513 1194 566 et
1206 504 1365 568 scientiam

264 631 366 670 rerum
388 622 540 690 veterum,
559 631 652 696 quam
675 613 707 670 in
729 611 826 670 Ferus
849 607 991 686 Poridii,
1011 609 1066 692 qui
1080 619 1290 688 argumentum
1304 611 1364 670 sibi

263 715 363 773 simile
392 717 538 794 sumpsit,
570 716 746 774 varietatem
773 723 804 772 et
831 731 958 772 acumen
980 721 1010 772 et
1032 713 1212 773 suavitatem
1236 714 1363 792 ingenii.

261 813 317 875 sed
327 817 381 875 ille
392 817 516 898 quidem
531 818 701 878 libertatus
715 816 844 890 interiit,
866 824 953 876 extra
969 811 1029 874 duc
1043 816 1076 875 ia
1089 813 1192 874 codice
1205 816 1363 877 Gaseolino

261 929 379 978 emata
400 921 493 997 folia,
522 921 728 1001 epitomasque
750 927 904 998 praeterea
926 919 1001 977 item
1020 915 1096 977 duas
1117 919 1151 976 iu
1172 916 1362 979 bibliothecis

260 1023 374 1099 passim
392 1031 545 1082 anantes
565 1025 746 1104 Lipsiaeque
765 1041 794 1080 a.
813 1018 906 1097 1794,
928 1026 967 1097 8,
994 1039 1036 1080 ex
1052 1019 1226 1100 apographo
1245 1022 1363 1080 Nicolei

141 1141 170 1196 p·
190 1142 245 1184 xrrr
262 1122 388 1200 Schosr,
409 1127 590 1204 amplissimi
612 1127 670 1184 riri
692 1134 781 1206 atque
805 1121 985 1199 doctissimi,
1005 1125 1087 1204 typis
1103 1121 1278 1204 descriptas.
1321 1121 1362 1184 de

261 1227 371 1307 quibus
383 1228 522 1287 omnibus
535 1229 654 1307 planius
666 1225 793 1308 posthac
805 1225 920 1302 fflcam,
938 1227 1073 1308 itemque
1087 1223 1125 1285 de
1137 1223 1268 1286 nendo
1280 1225 1361 1305 Lydi

260 1347 367 1408 apere,
389 1349 429 1390 ns
452 1349 713 1392 nursrsarreus
734 1348 789 1390 aar
808 1345 959 1390 rueucsr
979 1331 1156 1405 Rouana,
1177 1327 1247 1412 saepi
1259 1321 1362 1409 cippus

259 1433 316 1510 τῆς
326 1427 480 1512 Ῥωμαίων
493 1435 660 1512 ecclessiae,
682 1433 768 1493 libris
785 1432 882 1492 tubus
894 1442 962 1512 post
976 1433 1205 1492 commentarios
1218 1429 1256 1490 de
1270 1433 1361 1491 Men-

257 1533 341 1593 sibus
361 1537 494 1616 retlgato.
535 1535 570 1596 id
591 1555 668 1618 opus
687 1545 849 1616 antequem
869 1531 928 1594 hac
943 1531 1076 1594 editione
1089 1537 1170 1615 typis
1182 1532 1361 1594 mandatum

257 1645 320 1710 est,
344 1657 400 1716 per
414 1657 509 1700 annos
523 1640 586 1699 fers
603 1639 666 1704 800
682 1635 801 1697 delituit
815 1639 848 1695 in
863 1655 924 1696 uno
939 1637 1004 1698 eolo
1019 1633 1153 1718 (opinor)
1168 1656 1265 1719 eoque
1278 1638 1361 1698 mele

258 1737 364 1800 affecto
376 1739 497 1818 codice,
518 1761 576 1802 neo
589 1742 751 1824 quicquam
762 1741 887 1820 propius
903 1740 1075 1800 estfactum
1087 1759 1181 1822 quam
1191 1750 1225 1799 ut
1237 1757 1360 1826 prorsus

258 1841 418 1904 occideret.
459 1847 583 1906 tertium
606 1853 708 1904 autem
729 1863 805 1923 opus
825 1851 871 1902 est
887 1852 957 1922 post
976 1842 1031 1902 illa
1053 1839 1113 1903 duo
1134 1843 1296 1922 scriptum,
1317 1861 1359 1902 ns

256 1945 432 2024 (lsrarrrs,
452 1945 523 2030 scapi
534 1948 732 2028 διοσημειῶν,
753 1963 849 2026 aeque
863 1943 1012 2004 inedimm
1023 1955 1142 2025 praeter
1154 1965 1249 2025 pauca
1263 1964 1360 2027 quae·

191 2067 195 2080 ·
255 2045 347 2123 dam3
379 2068 440 2131 quo
466 2047 612 2132 quicquid
632 2045 671 2106 de
698 2047 867 2127 aruspicina
890 2047 1091 2129 fulguralique
1110 2049 1218 2128 populi
1230 2048 1359 2108 Romani

254 2147 414 2231 disciplina
436 2161 467 2211 et
489 2153 628 2211 emirerse
649 2146 833 2210 descientia
854 2159 1017 2228 auguratus
1042 2147 1237 2231 doctrinaque
1255 2151 1358 2210 Tusca

252 2261 389 2332 tempore
409 2255 568 2314 iustiniani
591 2252 667 2314 disci
687 2252 816 2334 scirique
837 2261 972 2330 poterat,
994 2263 1259 2334 quantumcumque
1283 2263 1357 2330 erat,

252 2351 332 2412 illud
343 2364 442 2414 totum
455 2355 559 2438 Lydus
574 2356 712 2417 contulit.
755 2356 809 2436 qui
821 2354 899 2414 liber
912 2373 973 2436 quo
987 2365 1032 2414 est
1041 2357 1139 2436 magis
1152 2356 1356 2416 abstrusarum

252 2475 460 2539 novarumque
481 2479 582 2520 rerum
604 2460 713 2540 plenus
733 2455 833 2540 adque
853 2459 967 2538 priscas
987 2460 1093 2540 populi
1113 2461 1243 2518 Romani
1260 2460 1357 2517 caeri-

251 2561 370 2620 monias
392 2562 634 2643 religionumque
657 2561 829 2620 sanctitates
854 2561 977 2621 intinm
999 2559 1166 2622 noscendas
1188 2561 1289 2638 utilis,
1319 2581 1356 2620 eo

251 2664 399 2722 maiorem
420 2663 571 2725 desiderat
590 2665 622 2724 in
641 2664 813 2744 legentibus
831 2660 1050 2724 dubitationem
1073 2674 1104 2724 et
1124 2683 1266 2739 acumen,
1294 2681 1355 2744 quo

250 2783 347 2826 norae
363 2778 432 2847 post
444 2770 484 2828 D.
496 2772 668 2848 Augustam
686 2787 742 2850 per
760 2777 865 2847 gentes
884 2767 969 2854 fusae
983 2768 1209 2848 superstitiones
1223 2767 1261 2826 ab
1275 2768 1356 2826 anti·

251 2871 405 2949 quissimis
425 2871 627 2952 reipublicae
648 2873 794 2932 institutis
812 2873 1067 2952 Etmscorumque
1086 2873 1253 2951 praeceptis
1273 2881 1354 2930 recte

251 2967 484 3052 distinguantur.
526 2993 585 3032 aea
608 2971 767 3034 dissimulo
790 2975 913 3034 omnino
929 2993 979 3034 me
994 2971 1097 3034 dolere
1114 2972 1197 3056 quod
1208 2983 1274 3034 tun
1285 2993 1354 3036 sero

136 3095 165 3146 p.
183 3092 235 3134 ιη
250 3071 356 3154 Lydus
372 3074 412 3135 ad
426 3075 601 3138 scribendos
610 3073 667 3138 hos
681 3077 775 3138 libros
788 3095 822 3136 ee
839 3077 1049 3156 applicaverit,
1070 3096 1166 3138 anuos
1181 3087 1271 3137 naurs
1286 3096 1355 3137 am·

249 3177 332 3256 plius
346 3167 405 3254 60,
425 3177 605 3240 labefactata
623 3181 687 3238 iam
707 3199 744 3239 ec
760 3180 921 3240 vacillante
933 3180 1128 3258 memoriola,
1150 3181 1233 3240 cuius
1249 3181 1354 3240 inami-

247 3281 334 3340 uutio
355 3301 424 3340 cum
446 3281 479 3341 ia
501 3284 586 3342 omrai
600 3283 743 3362 scriptore
758 3290 803 3342 est
814 3281 1022 3360 incommoda,
1043 3292 1110 3347 uum
1122 3285 1258 3343 maxime
1270 3285 1303 3342 in
1317 3303 1354 3344 eo

248 3384 302 3464 qui
316 3381 485 3442 reconditas
499 3385 592 3465 inque
605 3385 716 3463 vulgus
730 3385 849 3463 ignotas
865 3405 912 3445 res
926 3405 1005 3446 unus
1015 3395 1131 3446 mactet.
1174 3384 1253 3446 adde
1263 3384 1353 3462 illud,

247 3496 380 3562 veteres,
401 3488 429 3545 si
443 3485 563 3568 quando
577 3485 781 3548 inscribendo
799 3487 927 3546 eliorum
943 3489 1036 3548 rerba
1053 3487 1211 3564 afferrent,
1232 3507 1352 3548 memo-

247 3590 321 3648 riter
344 3591 524 3672 plerumque
547 3609 605 3650 uec
627 3591 690 3650 ullo
710 3590 831 3649 evoluto
851 3591 1005 3650 volumine
1022 3611 1058 3650 ea
1076 3593 1144 3652 loca
1163 3611 1229 3652 esse
1245 3592 1278 3650 in
1296 3609 1351 3650 sua

245 3693 406 3754 uenerem
428 3695 538 3773 scripta
560 3695 682 3770 solitos,
701 3695 869 3753 sententiae
889 3694 1097 3774 multomagis
1113 3712 1205 3775 quam
1217 3691 1351 3752 vocabu-

244 3793 346 3854 lorum
360 3793 464 3855 habita
477 3799 602 3856 ratione.
645 3814 724 3877 quae
740 3795 923 3856 cousuetudo
937 3799 1057 3856 tamebi
1068 3816 1158 3876 saepe
1173 3791 1350 3874 trepidatio·
1447 3849 1453 3874 ,

245 3915 317 3956 nem
330 3897 426 3958 donis
440 3901 755 3982 pertrubatiouemque
769 3900 885 3976 attulit,
907 3909 1009 3958 tamen
1024 3909 1060 3958 ut
1074 3901 1215 3958 universe
1229 3915 1350 3956 sumina

244 3999 384 4062 codicum
398 4003 501 4082 inopia
514 4011 545 4062 et
557 4004 679 4062 caritate
695 4014 818 4085 totaque
830 4000 1000 4069 studiorum
1016 4009 1046 4060 et
1060 4001 1140 4062 ritas
1154 3999 1269 4059 ratium
1290 4018 1349 4058 ex·

243 4105 358 4180 cueari,
379 4106 423 4164 ita
443 4106 476 4163 iu
495 4105 534 4164 iis
550 4107 727 4184 praesertim
741 4105 912 4165 auctoribus
928 4103 1043 4185 absque
1055 4121 1166 4181 magno
1179 4111 1264 4161 metu
1275 4101 1349 4160 ferri

243 4217 343 4288 potest
363 4207 417 4290 qui
440 4217 544 4266 mente
567 4209 628 4268 acri
643 4217 673 4268 et
686 4210 807 4287 rigente
822 4208 914 4268 libros
931 4205 1089 4266 ediderunt
1102 4223 1184 4264 suos.
1225 4202 1349 4284 Lydum

243 4320 361 4391 autem,
383 4295 564 4376 obliviosum
586 4328 623 4373 ao
643 4307 834 4394 desperatum
852 4327 973 4389 senem,
995 4309 1093 4372 fateor
1106 4309 1221 4390 passim
1238 4326 1274 4368 ea
1290 4305 1348 4368 ad·
