3100 4958
541 343 792 416 emortuo.
1133 302 1216 418 nis

194 539 249 606 Ad
260 537 433 607 unionem
443 550 545 605 autem
555 543 639 628 quod
650 545 774 624 attinet,
794 543 968 624 fateorme,
988 542 1216 630 quamvisnilsil

108 664 172 708 non
193 647 320 708 fecerim
342 647 452 706 neoubi
469 665 520 706 me
541 651 669 710 aumerle
684 649 832 712 sententia
846 647 979 728 fugeret,
999 650 1097 708 vereri
1112 659 1215 709 tamen

109 769 148 810 ne
162 753 324 834 aliquoties
338 767 439 808 avaro
453 748 662 812 aberraverim.
705 753 818 812 etenim
830 771 892 812 non
903 771 997 833 pauoa
1012 751 1215 828 occurrebant,

110 873 190 936 quae
212 850 366 936 quomodo
389 853 580 932 potissimmn
601 865 751 916 verterem
768 853 912 915 dubitari.
954 854 1142 916 obscuritatis
1157 873 1216 912 au·

109 966 171 1016 tem
188 955 280 1036 oulpa
293 957 406 1036 partim
418 955 491 1036 ipsis
503 957 591 1018 rebus
604 959 714 1038 partim
727 959 840 1019 auotori
851 954 1026 1034 tribuenda,
1048 957 1131 1016 ouius
1145 975 1215 1016 ora·

109 1061 151 1120 tio
162 1061 379 1140 perspicuitate
389 1059 515 1118 minime
526 1059 762 1122 commendatur.
804 1079 876 1119 nam
887 1069 918 1120 et
929 1059 1020 1119 verbe
1033 1056 1216 1140 quandoque

109 1183 220 1242 parum
237 1163 347 1221 usitata
360 1171 412 1220 aut
424 1161 628 1238 insolentiori,
649 1173 683 1222 ut
697 1161 773 1222 mihi
786 1161 911 1245 quidem
923 1161 1096 1237 ridebatur,
1117 1159 1215 1239 signi-

110 1265 250 1325 ficatione
263 1266 436 1345 usurparit;
457 1273 493 1324 ut
504 1284 721 1347 nonnumquam
733 1268 766 1324 in
776 1264 919 1326 vertendo
930 1265 1030 1346 potius
1043 1281 1107 1324 rem
1115 1263 1216 1342 ipsam

110 1387 203 1450 quam
229 1368 350 1427 solitam
371 1369 531 1429 verborum
552 1369 616 1427 rim
638 1367 857 1449 respiciendam
884 1367 1063 1450 putaverim.
1105 1361 1216 1424 horum

109 1471 274 1530 verborum
285 1471 430 1553 pleraque
444 1471 478 1529 in
491 1469 591 1530 indioe
606 1491 706 1530 rerum
720 1471 837 1548 notavi,
860 1469 983 1532 adiaotis
1002 1471 1069 1529 aliis
1082 1468 1217 1528 nonnul-

111 1571 162 1648 lis,
187 1591 268 1654 quae
291 1574 342 1633 vel
361 1577 395 1632 in
411 1574 517 1635 lexicis
530 1593 592 1634 non
606 1573 781 1632 inveneram
795 1574 845 1633 rel
861 1575 952 1633 aliam
968 1573 1006 1633 ob
1020 1589 1141 1631 oausam
1155 1590 1214 1631 no·
1223 1590 1379 1651 paxxxvu

110 1673 202 1735 tanda
227 1675 402 1736 arbitrabar.
444 1685 578 1736 osterum
594 1677 696 1735 versio
715 1695 751 1734 eo
770 1678 868 1755 magis
891 1673 1031 1736 addenda
1048 1671 1215 1750 videbatur,

110 1775 192 1858 qnod
211 1795 292 1860 quae
309 1780 390 1839 leotu
403 1777 494 1861 digna
508 1779 687 1859 opuseulum
703 1779 883 1851 contineret,
905 1773 946 1834 ad
959 1795 1010 1838 eos
1026 1779 1217 1858 potissimum

68 1895 80 1918 ·
109 1882 264 1960 pertinere
284 1891 422 1962 apertum
441 1892 505 1942 erat
527 1883 613 1965 queis
636 1882 732 1941 rarius
754 1899 842 1938 ousae
859 1886 905 1938 est
919 1880 1100 1938 Graeoarum
1111 1880 1217 1939 litera-

111 2001 175 2041 rum
190 1979 340 2044 studium.
383 1977 491 2044 aeduin
502 1995 537 2044 ut
548 1983 609 2044 fida
622 1987 719 2066 magis
735 2001 827 2065 quam
840 1989 874 2040 ut
889 1981 1011 2060 elegans
1026 1989 1119 2056 esset,
1141 2000 1217 2060 ope-

112 2103 172 2144 ram
191 2083 298 2164 dedi‚.
312 2096 343 2146 et
362 2087 396 2145 in
417 2085 554 2167 legendis
575 2088 689 2165 verbis,
716 2106 786 2146 oum
806 2093 966 2166 utrumque
986 2091 1136 2162 praestem
1154 2099 1217 2141 non

114 2207 250 2267 possem,
272 2189 477 2269 perspicuitati
492 2190 588 2250 malui
604 2209 696 2272 quam
713 2187 852 2250 dictionis
867 2185 996 2246 restituti
1008 2184 1174 2246 oonsulere.

192 2293 337 2370 Exposui
353 2291 485 2352 breviter
503 2311 580 2374 quae
595 2292 707 2353 laboris
722 2290 899 2351 meseratio
916 2289 1025 2362 fuerit,
1047 2286 1216 2369 quibusque

115 2389 147 2452 de
157 2393 251 2476 Lydo
267 2393 346 2452 bene
357 2377 469 2453 mereri
481 2391 659 2456 studuerim.
701 2391 844 2478 equidem
860 2390 1050 2472 diligentiam
1062 2387 1140 2450 mihi
1152 2405 1217 2448 nou

113 2491 245 2558 defuisse
261 2497 342 2558 solor
365 2514 426 2579 qua
446 2515 487 2558 au
505 2516 614 2578 operae
635 2497 767 2578 pretinm
783 2497 925 2571 fecerim,
945 2494 1076 2553 aliorum
1090 2491 1151 2553 fuit
1164 2491 1218 2552 iu·

113 2595 228 2677 ditare,
251 2599 364 2682 quibus
379 2597 516 2662 laborem
530 2619 635 2660 meum
648 2597 763 2681 publici
776 2598 851 2658 luris
864 2595 930 2656 fieri
945 2594 1069 2678 placuit.

191 2703 374 2766 Sotibebam
386 2703 542 2783 Lutetiae,
562 2703 652 2766 nonis
666 2703 744 2783 lul,
765 2719 844 2762 anno
864 2701 956 2766 1811.
