3100 4958
253 361 311 411 xrv
549 335 660 407 HlSll
683 332 742 404 DE
765 331 924 404 loattttn
947 329 1067 403 LYDO

254 541 390 605 Africam
414 538 552 602 Siciliam
574 538 666 600 armis
686 535 870 612 obtinerent,
893 531 1086 616 reliquaeque
1103 533 1209 615 populi
1226 535 1355 595 licmeui

255 645 425 728 provincias
439 643 607 703 inmrsibus
618 642 704 701 factis
718 639 919 700 exinanirent.
961 654 1053 718 quem
1064 639 1275 717 gravissimum
1284 639 1357 698 lite·

256 751 358 829 risque
379 748 491 807 nostris
509 766 602 828 prope
621 743 747 804 fatalem
766 759 870 802 casum
892 741 1004 800 turumi
1024 737 1164 800 homines
1184 739 1357 822 iudicioque

256 849 469 924 eruditissimi,
498 845 654 922 lllieiske,
683 843 850 906 l'l'lrllnlrla
878 844 1009 926 aliique,
1040 843 1198 903 calliarum
1221 841 1358 903 sultano·

256 973 385 1036 rumque
410 950 589 1012 liberalitate
613 969 649 1009 ac
670 947 877 1008 beneficentia·
894 944 1118 1029 quodammodo
1138 947 1272 1006 levatum
1293 960 1359 1006 esse

257 1057 373 1137 opinati
394 1063 479 1127 snut,
503 1049 594 1135 idque
618 1053 737 1132 scriptis
755 1049 845 1111 editis
864 1057 1087 1130 exposuerunt:
1107 1049 1158 1108 De
1167 1047 1360 1128 principibus

257 1155 496 1218 Mulmmdonn
515 1158 572 1236 qui
590 1165 648 1214 out
668 1152 709 1213 ab
733 1153 897 1214 eruditione
917 1151 1258 1214 mstmsorels'mrmrs
1276 1151 1360 1211 ortt·

257 1259 420 1320 imum
442 1259 630 1329 dmumnt,
651 1257 778 1336 szutze
799 1256 889 1332 1747,
917 1254 950 1321 4.
992 1257 1044 1316 De
1060 1255 1156 1316 rodit
1173 1255 1360 1316 amomum

132 1381 160 1434 p.
178 1378 241 1418 xrrr
259 1363 416 1422 ulvarum
437 1362 525 1440 opud
542 1359 670 1421 Arabes.
688 1359 784 1418 tumn
798 1369 828 1418 et
839 1357 1018 1420 retromissa
1063 1360 1231 1422 (insument.
1249 1358 1361 1418 Scciet.

257 1467 372 1527 Scieut.
393 1483 456 1544 reg.
478 1466 668 1544 Gottingens.
680 1461 915 1542 tol-21³·216·
958 1468 1063 1524 rerum
1086 1472 1120 1523 ut
1141 1465 1203 1523 iem
1224 1461 1361 1522 maxima

257 1568 349 1628 liserit
359 1568 394 1627 in
405 1563 586 1649 quibusdem
596 1561 887 1626 mahumedanorum
900 1567 1020 1646 regibus
1031 1567 1212 1646 benignitus,
1224 1567 1362 1626 mutue

190 1677 194 1686 ²
258 1689 360 1729 rerum
380 1689 505 1730 suarum
523 1669 665 1744 edentis,
686 1670 765 1728 sicut
784 1669 860 1743 init,
876 1679 979 1728 tamen
1001 1667 1102 1730 studia
1120 1679 1260 1743 stertet,
1281 1671 1362 1749 quee'

258 1781 344 1832 erant
366 1773 488 1833 Graecis
510 1774 715 1832 monumentis
739 1767 966 1854 disciplinisque
986 1781 1050 1831 tcta
1067 1773 1141 1831 Asia
1158 1773 1222 1830 iem
1234 1773 1273 1831 ab
1286 1773 1362 1831 Ale*

257 1874 370 1936 xendri
383 1878 425 1936 ll.
440 1875 626 1957 temporibus
640 1871 751 1934 undae
765 1893 801 1933 cc
816 1884 1007 1950 mmerveta,
1026 1875 1195 1934 necessario
1210 1875 1298 1934 nevis
1312 1893 1362 1932 re-

257 1977 423 2056 ligionibus
443 1977 550 2039 studiis
566 1978 701 2038 moribus
720 1974 851 2036 inductis
871 1979 1002 2056 graviter
1019 1986 1089 2038 sunt
1105 1975 1230 2053 allecta3
1253 1976 1363 2060 quibus

258 2081 356 2139 mel
377 2081 507 2141 subistis
526 2091 559 2140 at
572 2079 705 2144 -Arebics
725 2079 830 2159 lingua
852 2077 952 2139 indies
971 2080 1062 2140 latinas
1080 2077 1183 2156 tundi,
1205 2089 1236 2140 et
1250 2081 1365 2142 Graece

257 2185 393 2265 primum
407 2203 450 2242 ex
463 2184 657 2264 optimatum,
678 2189 747 2263 post
759 2181 854 2239 edam
865 2183 987 2241 omuino
1000 2201 1042 2240 ex
1057 2201 1115 2242 nau
1130 2179 1365 2247 consuetudine·

258 2305 320 2368 quc
335 2284 495 2345 hominnm
511 2289 687 2347 evanescere
703 2286 798 2364 inque
810 2301 907 2364 peuce
920 2283 1110 2345 Palaestinae
1120 2281 1288 2346 Phoenices
1302 2285 1365 2366 Sy-

258 2391 322 2449 riae
342 2389 519 2449 interamnis
538 2389 720 2449 monasterie
736 2387 889 2467 compingi
902 2388 1011 2468 coepit.
1053 2387 1088 2446 fit
1099 2388 1184 2448 'enim
1194 2385 1254 2448 hoc
1266 2390 1301 2450 in
1314 2390 1364 2450 ri-

259 2493 315 2552 uir
334 2493 520 2567 nationibus,
541 2502 576 2551 ut
596 2487 636 2551 ad
654 2490 842 2550 vincentium
859 2507 1030 2550 sermonem
1048 2491 1191 2552 libentius
1210 2513 1243 2553 se
1262 2493 1365 2574 appli-r

259 2604 343 2669 cent,
364 2613 422 2654 nec
440 2596 539 2673 megia
559 2595 592 2652 iu
608 2595 718 2673 lingue
739 2611 833 2674 quem
844 2593 878 2651 iu
893 2593 1030 2654 libertate
1044 2597 1142 2675 petria
1153 2594 1267 2656 tuenda
1281 2615 1366 2658 acres

259 2695 427 2758 videantur.
470 2715 530 2780 qne
542 2699 576 2756 in
586 2698 781 2758 conversione
799 2713 944 2774 magnam
958 2697 1105 2758 librorum
1119 2699 1301 2759 Graecorum
1315 2699 1366 2759 ie·

259 2807 340 2858 ctam
353 2801 501 2860 iacturam
514 2809 651 2860 acmrate
664 2800 891 2880 explicaverunt
904 2801 1095 2877 Alllleeren,
1123 2802 1300 2862 Gesclrs'dus
1314 2803 1367 2864 dee

263 2903 422 2962 samm
443 2902 497 2962 der
516 2902 698 2962 chesluim
714 2903 872 2962 Literutur
892 2901 955 2962 rcl.
973 2904 1010 2979 l,
1039 2905 1199 2986 Gottingae
1223 2909 1314 2981 1797,
1335 2907 1366 2982 8,

259 3025 293 3086 p·
307 3009 366 3080 98,
387 3015 418 3064 et
436 3003 648 3083 lGEiclslrcrn‚
671 3005 850 3068 Geeclu'clsu
867 3005 921 3066 der
939 3006 1097 3066 Lumen
1111 3009 1173 3067 ecl.
1190 3015 1224 3084 1,
1244 3010 1367 3068 Gottin-

261 3125 319 3186 gae
339 3107 429 3182 1805,
443 3110 473 3182 8,
491 3128 522 3188 p·
535 3107 616 3184 6623
637 3108 782 3193 idemque
796 3131 858 3171 unc
873 3111 995 3170 loannis
1009 3109 1244 3191 llpiplreniensis
1258 3129 1367 3170 exem-

260 3211 313 3291 plo
335 3220 434 3292 petest
455 3210 666 3272 demonstrari.
706 3215 898 3288 telenense,
919 3215 973 3295 qui
991 3214 1049 3274 luit
1061 3212 1211 3294 Agathino
1228 3213 1368 3276 Scholia-

122 3341 150 3395 p.
169 3337 245 3378 xrrrr
262 3323 326 3374 stae
347 3315 530 3395 llregriique
551 3311 786 3395 Epiphanieusis
804 3317 954 3399 aequalis,
976 3318 1014 3377 ab
1034 3317 1092 3377 istc
1113 3315 1296 3378 laudetnriu
1310 3297 1369 3378 ex·

260 3425 357 3476 tremo
370 3416 448 3477 libro
463 3417 569 3499 quinto
580 3419 693 3478 Hister.
706 3419 880 3482 Ecclesiam
894 3418 943 3480 ed.
955 3421 1054 3482 Vales.
1066 3440 1098 3501 p.
1111 3419 1231 3497 4421),
1254 3439 1313 3504 quo
1327 3439 1368 3480 ex

260 3521 638 3603 locupletantem,
664 3541 733 3580 cum
757 3521 834 3582 haec
857 3523 1000 3582 scriberet
1019 3526 1183 3603 Euagrius,
1204 3521 1368 3604 Agathiern

262 3641 298 3684 ec
316 3628 462 3685 loannem
480 3621 619 3684 nondum
640 3626 782 3706 vulgasse
802 3645 874 3688 suos
892 3626 996 3688 libros.
1039 3625 1135 3688 edidit
1148 3639 1250 3687 tamen
1263 3633 1367 3706 postes

261 3724 420 3788 histor-lm
445 3730 589 3804 loannes,
618 3746 679 3810 qna
697 3729 804 3809 fugem
825 3727 966 3789 clrcsrcis
985 3749 1027 3806 11,
1054 3731 1139 3791 illius
1163 3747 1254 3812 quem
1273 3727 1367 3786 Ccsru

261 3831 366 3890 Petris
381 3831 507 3892 ber'oare
525 3833 696 3913 appellent,
715 3833 839 3914 eiusque
855 3828 1063 3892 reductionem
1074 3835 1107 3892 in
1120 3849 1245 3913 regnum
1261 3849 1288 3890 a.
1304 3829 1365 3895 591

263 3949 281 3989 a
296 3933 441 3992 Mauricio
455 3935 582 3994 Caesare
596 3936 708 3995 fectum
721 3935 871 3995 subtiliter
884 3945 947 3996 erat
961 3945 1150 4017 persecutum
1173 3952 1301 4015 eamque
1316 3929 1368 3990 ht-

262 4035 386 4094 storiam
405 4033 673 4118 Tlrecplrylectum
693 4039 890 4099 illmccattem
911 4043 1193 4121 suspiccrsecutum
1207 4057 1273 4096 esse
1288 4035 1367 4095 librc

261 4135 284 4201 4
304 4147 334 4196 et
356 4138 376 4204 ὅ
399 4139 431 4198 in
447 4137 632 4218 digressione
647 4140 685 4200 de
699 4141 840 4203 Chcsrois
853 4143 925 4224 fuge
940 4163 975 4204 sc
988 4143 1095 4203 reditu.
1139 4141 1252 4200 etenim
1268 4138 1369 4198 evenit

258 4241 366 4300 loanni
386 4239 420 4301 id
444 4241 527 4324 quod
548 4240 636 4323 Lydo
656 4245 783 4326 aliisque
802 4245 923 4321 multis,
945 4255 978 4305 nt
998 4245 1147 4306 Ambitus
1168 4245 1200 4304 in
1217 4264 1270 4314 ecs¹
1286 4246 1368 4324 ipsos

258 4351 369 4404 tructus
390 4343 669 4424 effervescentibus,
691 4349 745 4407 ubi
763 4349 908 4432 pleraque
930 4347 995 4408 eius
1015 4348 1200 4430 exemplaria
1219 4347 1369 4408 exstitisse
