3038 4950
292 359 365 430 890
574 355 684 423 illst]
704 353 1104 424 ANlllADVERSlONES

291 537 373 587 statu
392 524 556 582 assumtio
576 541 640 580 ram
661 521 779 580 crimini
795 519 896 580 datam
908 521 1004 580 fatere
1019 539 1084 580 esse
1097 521 1229 595 malam,
1249 519 1303 580 sed
1316 541 1388 602 pur·

291 633 345 692 gas
362 622 391 669 te
407 612 467 668 alia
479 611 611 682 ratione,
634 626 711 689 quac
723 617 822 686 potest
834 625 899 666 esse
915 605 1115 688 quadruplex.
1157 609 1256 687 prima
1270 619 1316 668 est
1338 607 1389 686 (de

291 699 387 756 tribua
400 695 467 755 aliis
480 695 554 753 alibi
566 689 687 753 dicendi
703 695 759 752 erit
774 690 871 773 locus)
892 711 948 773 per
963 693 1246 764 recrims'rtats'onern,
1265 693 1319 752 ubi
1335 692 1391 752 de-

292 785 388 842 fensio
410 792 461 840 tuu
484 789 597 840 constat
617 781 681 838 eius
704 781 891 838 accusatione
906 779 959 859 qui
972 776 1151 838 vindicatur.
1193 777 1391 859 quemadmo-

293 867 366 926 dum
387 869 428 925 Μ.
442 866 564 925 Tullius
584 863 638 944 pro
659 865 773 924 Milone
789 883 888 945 neque
907 875 998 943 negat
1011 867 1143 924 occisum
1160 881 1227 924 esse
1242 863 1390 940 clodium,

291 971 390 1032 neque
405 954 527 1010 omnino
542 963 667 1009 excusat
680 948 893 1024 homicidium,
914 949 969 1009 sed
983 960 1105 1031 propter
1121 949 1234 1010 scelera
1249 948 1349 1009 clodii
1361 959 1391 1008 et

291 1039 416 1097 insidias
435 1048 466 1096 et
482 1039 546 1095 rim
562 1037 679 1094 illatam
692 1033 774 1094 hunc
794 1038 836 1094 ait
852 1037 918 1093 iure
936 1055 1067 1097 caesum
1110 1037 1309 1116 quamobrem
1323 1055 1391 1093 rer·

292 1135 354 1182 tera
369 1121 520 1184 debuisset
530 1125 691 1182 ltusterust
712 1115 968 1204 Ἀνοεγνλημοὶτων
985 1119 1303 1202 (recn'nu'uau'onum),
1317 1141 1390 1200 pesae

287 1213 438 1290 pertinent
459 1208 616 1266 adulatus
637 1207 794 1287 qualitatis
815 1210 1012 1282 assumtivcs5
1044 1206 1136 1288 idque
1161 1206 1274 1266 addere
1297 1208 1389 1286 poecis

292 1299 336 1354 lo.
357 1293 465 1352 Christ.
489 1295 609 1351 Ernesti
628 1295 742 1352 Lexioo
763 1291 934 1372 technolog.
950 1293 1055 1353 Graec.
1069 1291 1183 1352 rhetor.
1201 1295 1242 1357 27
1257 1295 1296 1350 B.
1339 1312 1391 1350 nec

291 1383 389 1458 magis
409 1377 484 1436 vidit
503 1376 819 1438 FedericusMorellus
835 1376 909 1459 quid
926 1389 1005 1438 esset
1018 1373 1196 1459 ἆνοίληψιςτ
1218 1375 1296 1436 haec
1313 1380 1395 1436 enirn

291 1467 323 1538 in
339 1465 465 1522 Libanio
481 1457 615 1522 Declam.
629 1462 667 1522 de
680 1481 769 1522 avaro
781 1473 858 1542 patr.
874 1461 1024 1523 abdicant.
1042 1467 1056 1529 1
1081 1468 1141 1530 801
1155 1467 1198 1538 A,
1219 1457 1394 1545 ἦοτᾶσιςῆ

198 1619 202 1634 1
292 1543 407 1629 ζήτημα
430 1545 608 1628 ἀντίληψις,
638 1561 736 1608 statua
758 1550 808 1608 vet
831 1552 963 1629 quaestio
986 1561 1030 1610 est
1050 1548 1208 1630 qualitates
1225 1548 1393 1618 absolutae,

291 1638 381 1696 vertit
401 1635 543 1710 ridicule,
566 1637 700 1714 quaeetrb
714 1645 759 1693 est
769 1634 1004 1714 reprehermonrb
1016 1651 1109 1706 arm,
1130 1635 1241 1694 oblitus
1264 1637 1394 1693 Hermo-

291 1723 377 1800 genis
404 1731 540 1779 aconrate
563 1723 741 1799 explicantia
764 1718 930 1782 doctricem
949 1719 987 1780 de
1003 1722 1129 1798 statibus
1142 1721 1296 1795 oratoriis,
1319 1739 1395 1800 qnae

290 1825 402 1885 magno
416 1816 569 1866 momento
585 1818 630 1866 eat
645 1805 685 1864 ad
697 1804 872 1866 iudicialem
888 1815 1023 1865 veterum
1043 1805 1293 1866 cousuetudinem
1309 1807 1396 1884 peni-

291 1903 340 1952 tus
357 1889 605 1970 cognoscendam.
648 1889 702 1951 sed
716 1890 806 1951 redeo
822 1889 861 1952 ad
875 1890 1014 1974 Lydum,
1036 1894 1089 1975 qui
1102 1889 1153 1950 hic
1166 1893 1318 1972 expressit
1330 1892 1396 1950 Pli-

290 1981 376 2036 nium
390 1981 429 2036 H.
442 1981 479 2036 N.
494 1981 515 2040 2
536 1981 588 2041 st.
1447 1975 1451 1989 ’

376 2099 407 2158 p.
421 2077 483 2142 278
498 2097 527 2138 v.
542 2081 572 2142 1·
615 2079 676 2139 τοῖν
694 2070 822 2140 dedecor
840 2071 1000 2160 ἄντικρυς]
1020 2077 1063 2138 ita
1080 2075 1164 2138 coda
1185 2077 1240 2138 sed
1252 2079 1315 2138 lev.
1333 2077 1393 2138 for·

290 2174 387 2239 tasse,
411 2167 523 2227 Γναίον
538 2164 685 2243 Δομιτίου
705 2163 757 2225 nel
775 2168 806 2226 Γ.
828 2167 964 2226 Φαννίου
979 2167 1042 2227 τῶν
1056 2159 1200 2228 dudeco·
1222 2159 1266 2227 δι’
1281 2125 1326 2226 du
1342 2161 1397 2226 dv·

290 2264 408 2400 3133on
429 2252 473 2309 ita
486 2259 564 2308 carte
576 2250 662 2308 certi.
695 2245 774 2308 coni.
788 2251 868 2310 Plin.
884 2247 924 2309 Η.
937 2251 1010 2314 N.2
1031 2253 1090 2328 81,
1112 2262 1143 2310 et
1160 2251 1273 2310 Iulium
1285 2251 1397 2331 Obseq.

289 2418 408 2584 lep·
436 2437 499 2499 279
527 2454 558 2495 v.
588 2431 619 2500 4·
661 2429 720 2518 triv
747 2429 936 2518 λεγομένην]
970 2433 1112 2514 fortasse,
1147 2427 1207 2520 νῆν
1231 2433 1401 2522 λεγομένην

354 2543 422 2602 νην.

379 2621 422 2681 ib.
439 2642 469 2682 v.
488 2625 535 2688 11.
578 2621 629 2688 sai
646 2628 710 2698 τοῖς
723 2612 781 2686 aiss’
798 2615 928 2702 cicade]
951 2621 1082 2682 Graecae
1104 2621 1227 2702 linguae
1246 2625 1323 2684 ratic
1345 2643 1399 2684 ae-

293 2727 353 2792 qua
369 2705 500 2770 admittit
515 2702 573 2774 ὑπ’
589 2704 708 2784 αὐτοῖς·
729 2710 828 2788 recepi
843 2706 936 2786 illud,
953 2709 1133 2790 obsequens
1147 2704 1313 2789 ἐσομένοις.

378 2809 420 2869 io.
435 2833 465 2870 r.
481 2810 529 2876 14.
573 2811 606 2876 ἐν
617 2807 714 2896 Ἀλβγγ
732 2807 790 2892 τήν
803 2803 955 2894 μητρυιάν
971 2810 1028 2892 ...]
1051 2811 1167 2892 reliqua
1182 2831 1288 2872 versus
1300 2814 1401 2872 maic-

293 2902 418 2978 remque
439 2908 557 2977 partem
577 2899 731 2979 sequentis
752 2894 908 2976 supersedi
929 2900 1101 2972 restitarere,
1122 2899 1261 2977 quamvis
1276 2897 1400 2957 adiutus

293 2980 360 3058 his,
389 2984 476 3042 litera
498 2985 611 3042 unciali
634 2984 750 3042 minuta
775 2984 807 3041 in
830 2985 982 3062 margine,
1009 2985 1108 3062 prima
1126 3000 1235 3060 mauu,
1261 2987 1399 3064 scriptis:

291 3061 448 3142 Ἀσκάνιος
464 3073 503 3153 τῇ
519 3071 649 3154 μητρυιᾷ
665 3071 820 3148 συνῆλθεν
835 3069 880 3144 εἰς
894 3071 1069 3132 κοινωνίαν.

333 3233 337 3240 ,
378 3167 419 3226 ib.
429 3173 519 3234 ww·
553 3167 737 3250 δισκοθείς]
755 3171 799 3230 sio
813 3167 926 3245 cadex;
948 3187 1048 3251 neque
1061 3186 1184 3230 necesse
1200 3179 1246 3253 est
1262 3167 1396 3250 (opinor)

294 3261 330 3311 ut
345 3254 509 3314 scribamus
526 3251 713 3334 δισκοειόής,
738 3259 859 3315 tametsi
874 3256 1002 3315 verbum
1016 3248 1128 3319 diendo
1143 3255 1244 3316 adhuc
1259 3258 1398 3314 exulata

293 3338 412 3398 lexIcts.
457 3336 566 3402 dicatu
588 3350 618 3399 et
640 3335 770 3403 deoaerici
792 3343 912 3420 saepias
931 3351 1104 3418 occurrunt,
1134 3351 1225 3422 atque
1244 3339 1398 3400 interdum

295 3441 387 3483 sensu
400 3427 594 3506 exquisitiore
610 3423 647 3484 de
661 3427 698 3484 its
717 3428 769 3506 qui
783 3429 871 3486 rotati
893 3425 907 3506 (
915 3421 1175 3507 οφενδονοΰμεναο
1188 3425 1282 3485 habat
1294 3425 1397 3508 lrydus

294 3529 326 3588 p·
338 3509 398 3572 114
419 3511 478 3590 15)
500 3515 532 3569 in
547 3513 641 3570 altum
652 3513 808 3570 iactantur.
852 3513 1057 3571 sic-Eusebius
1071 3515 1148 3571 Hist.
1163 3513 1269 3572 eccles.
1285 3513 1398 3576 turn:

295 3594 349 3656 cal
377 3596 575 3660 δνσκευθέννο
605 3601 707 3670 κακῶς
734 3599 917 3677 τελευτῆσαν.
958 3599 1109 3676 Diogenes
1132 3599 1271 3658 Laertius
1289 3603 1329 3662 81
1350 3597 1398 3654 lJ:
1456 3584 1460 3597 '

295 3674 424 3754 uinitori
440 3683 616 3760 Κωροκείου
630 3679 721 3764 ὅρους
735 3673 830 3744 absis
845 3685 993 3761 δισκῆσαι.
1034 3682 1112 3744 adde
1125 3685 1292 3742 Euseblrrm
1304 3683 1399 3741 Prae-

294 3775 389 3844 parat.
407 3785 513 3846 erang.
528 3769 591 3831 268
603 3766 635 3826 G.
679 3765 734 3827 sed
755 3761 814 3826 bae
834 3765 912 3828 duae
931 3769 1046 3828 formae
1067 3765 1247 3850 iampridem
1261 3779 1397 3848 receptae

295 3862 365 3910 sunt
376 3853 409 3909 in
422 3853 537 3911 lexioa:
561 3873 596 3912 eo
609 3851 745 3911 nondum
759 3854 869 3913 relatas
883 3855 1053 3914 arbitraret
1067 3849 1294 3930 dmdiusutre,
1316 3849 1395 3934 quod

296 3947 341 3994 est
354 3955 443 4016 supra
455 3959 485 4017 p.
497 3941 558 4003 277
577 3939 627 4011 16,
645 3948 675 3996 et
688 3957 794 3997 vocem
808 3936 1052 4022 διονοοοοήριον,
1065 3942 1146 3999 calio
1154 3939 1295 4020 putridae,
1319 3955 1394 4020 quae

296 4025 423 4080 occurrit
436 4025 502 4082 Vita
519 4023 552 4082 S.
566 4026 628 4082 Nili
639 4025 764 4082 iunioris
783 4025 844 4088 140
854 4028 893 4085 A.

294 4123 304 4248 ¹·
326 4126 409 4249 rimpl·
417 4111 537 4249 Β918011.
554 4111 583 4254 lp.
601 4103 821 4259 sffd'issfw·
833 4109 952 4174 isticce
966 4114 1024 4214 sori
1039 4103 1320 4256 ocipurcgcp'ppnfer
1333 4109 1391 4247 11ιᾶ

293 4211 669 4358 ldl.0bsedume¹1il.2670.
699 4215 714 4254 e
761 4198 1169 4276 ronssmeae,1teanuelry
1256 4211 1369 4254 enema

377 4381 409 4440 p·
421 4365 482 4426 281
497 4379 526 4422 v.
539 4365 570 4426 9.
612 4357 831 4448 Ἀναξαγόρας]
853 4364 1006 4425 Plutarch.
1019 4363 1167 4447 Lysandr.
1185 4361 1297 4431 4391),
