3100 4958
526 319 771 390 rusurstlo.
1140 339 1200 392 ut

95 543 264 586 memorare
287 520 426 606 Lydum,
445 523 496 582 rel
516 521 610 582 mrius
628 521 815 584 mentionem
829 519 929 582 iscers
948 520 1197 586 caerimoniarum

94 646 125 704 in
139 643 228 720 deos,
250 661 383 724 eumque
393 641 548 702 silentium
561 637 735 702 huiusmodi
746 661 807 704 non
819 651 918 702 tntum
930 638 1021 702 modo
1031 639 1086 700 aad
1099 640 1197 704 houe-

93 765 263 825 stissinaurn
279 781 400 846 quoque
415 781 480 822 essa
494 759 679 822 arbitratum.
706 762 867 845 inquisisse
881 763 915 824 in
929 762 1022 822 vitam
1035 762 1199 824 Caesarum

93 886 225 966 capitale
237 892 303 943 erat
323 879 389 964 (adi
402 882 434 940 in
448 883 554 961 primia
567 883 679 944 iulium
690 885 855 944 Firmicusn
866 883 1065 943 Astrouoruic.
1079 887 1102 946 2
1121 880 1197 962 88);

91 1023 190 1086 neque
205 999 303 1077 illud,
325 1021 414 1082 agere
432 999 470 1060 de
487 1003 675 1064 caerimoniis
686 1005 840 1084 pristinis,
860 1002 1002 1064 molestia
1020 1021 1075 1062 sus
1095 1021 1197 1062 carere

91 1121 223 1182 debebat
244 1130 343 1181 aetate
363 1117 452 1201 Lydi.
496 1119 536 1180 sd
560 1121 736 1202 religiones,
758 1121 875 1184 divinas
898 1123 967 1184 illas
991 1119 1116 1204 quidem
1135 1120 1192 1186 sed
1207 1145 1237 1201 p.
1252 1142 1292 1182 xx

91 1261 204 1317 noras,
226 1233 329 1301 studio
346 1241 530 1301 inflammato
548 1250 620 1302 tunc
636 1243 829 1322 rapiebantur
841 1243 977 1324 plerique
997 1261 1120 1320 omues,
1143 1245 1198 1326 qui

90 1363 222 1442 impium
244 1359 327 1442 (nisi
341 1377 391 1418 ma
406 1357 501 1440 fallo)
524 1370 711 1442 reputassent
722 1362 856 1442 proferre
871 1363 905 1422 in
917 1363 1036 1440 lucem,
1057 1382 1136 1446 quse
1156 1382 1199 1426 ex

90 1479 271 1562 pontificum
290 1479 375 1540 libris
401 1480 526 1540 eruisset
547 1481 657 1564 aliquis
681 1479 719 1542 de
738 1482 880 1562 auspiciis
894 1483 1008 1559 cliriis,
1029 1483 1122 1542 sacris
1137 1501 1197 1542 no-

90 1598 294 1675 vendialibus,
315 1599 505 1660 lectisterniis
521 1599 681 1677 faciundis,
703 1601 970 1680 supplicationibus
989 1604 1067 1664 circa
1081 1605 1197 1686 templa

90 1723 159 1782 fana
181 1699 369 1802 pulvinaria*
383 1717 589 1780 decernendis.
633 1719 846 1803 quamobrem,
873 1723 999 1801 opinor,
1022 1720 1105 1784 haud
1129 1726 1197 1784 sinc

89 1845 172 1924 gravi
187 1859 282 1902 musa
294 1858 357 1900 uon
370 1841 429 1900 uisi
441 1859 548 1922 panca,
570 1857 666 1921 eaque
678 1840 814 1917 obscura,
835 1841 977 1922 autiquae
992 1846 1196 1924 persuasionis

91 1963 219 2042 vestigia
241 1962 275 2018 in
298 1961 447 2042 excerptis
461 1963 524 2021 suis
539 1961 662 2042 reliquit
671 1959 787 2043 Lydus.
829 1959 952 2040 reliquit
971 1970 1090 2038 temen,
1111 1965 1197 2024 velut

92 2085 199 2164 p288
219 2083 264 2145 10
283 2077 322 2139 da
340 2080 446 2162 populi
458 2081 530 2141 victi
544 2082 734 2144 caerimoniis
748 2079 787 2140 ad
800 2081 953 2142 Romanos
967 2078 1196 2142 umferendn.

96 2205 160 2262 item
182 2207 218 2264 in
246 2201 403 2280 fulgurum
431 2201 725 2294 interpretationibus
754 2221 787 2283 p·
806 2195 869 2266 842
890 2233 930 2244 -
951 2198 1030 2277 848,
1064 2200 1133 2278 ubi,
1167 2199 1196 2262 si

95 2341 182 2404 proca
199 2320 376 2400 exceperis,
396 2319 460 2380 hm
473 2319 553 2382 nihil
566 2323 622 2384 srit
634 2339 741 2384 causae
760 2322 836 2405 quin
851 2317 955 2384 credas
970 2329 1106 2402 sumptas
1125 2321 1196 2382 illas

92 2463 152 2502 esse
172 2459 217 2500 ex
236 2439 315 2500 libro
331 2447 432 2500 vetere
443 2441 597 2521 pontificio
611 2443 713 2504 rituali
724 2440 879 2522 fulgurali.
921 2440 1031 2523 quibus
1047 2436 1084 2500 de
1098 2440 1195 2518 libris,

90 2572 117 2620 et
136 2559 265 2620 omuino
292 2555 330 2618 de
352 2559 485 2622 fontibus
508 2559 589 2622 uude
611 2559 713 2622 hausit
731 2570 834 2622 suntor
846 2570 965 2637 noster,
987 2579 1057 2620 cum
1071 2580 1107 2620 ea
1121 2581 1196 2642 pro-

90 2682 189 2762 prisnn
204 2697 283 2760 opus
300 2676 487 2758 desiderent,
509 2683 629 2762 sintque
647 2700 710 2740 nou
729 2681 828 2761 magis
850 2679 991 2758 ansbigua
1005 2698 1097 2760 quam
1112 2678 1195 2740 diffi-

90 2801 158 2859 eilia
179 2798 353 2878 explicatu,
375 2800 504 2861 conabor
520 2800 683 2884 aliquando
703 2800 869 2861 accuratius
881 2817 988 2880 agere,
1009 2798 1117 2860 eodem
1130 2800 1194 2860 iere

89 2917 181 2980 modu
203 2917 252 3000 (si
274 2927 377 2978 tamen
396 2918 531 3002 possim)
554 2941 615 3004 quo
640 2941 738 3002 nuper
758 2922 806 2982 vir
825 2939 963 2983 summus
982 2922 1195 2998 AHLiieeren,

91 3040 174 3100 cuius
185 3038 285 3118 gloria
299 3039 389 3120 longe
405 3041 511 3102 clarior
524 3051 569 3102 est
583 3061 675 3124 quam
690 3051 724 3102 ut
736 3050 838 3102 nostro
855 3059 986 3102 crescere
1001 3041 1096 3122 possit
1108 3041 1196 3104 testi-

89 3159 212 3235 monio,
234 3157 267 3216 iu
288 3162 539 3220 commentatione
556 3163 600 3220 De
614 3159 746 3221 fontibus
762 3172 793 3222 et
807 3160 982 3222 auotoritata
995 3161 1125 3222 vitarum
1138 3181 1195 3243 pa·

89 3277 266 3338 rsllelsrum
288 3276 458 3356 Plutarchi,
481 3277 563 3340 edita
582 3281 742 3360 Gottingae
764 3282 856 3358 1820,
874 3284 907 3347 8.
948 3297 985 3338 so
1007 3280 1133 3342 fortasse
1156 3279 1307 3358 sdp.xx1

88 3393 146 3458 hoc
159 3406 254 3478 ceput
268 3397 480 3480 antiquitatum
495 3401 699 3462 Romensntm
711 3401 845 3481 aliquam
860 3400 939 3481 potis
952 3419 1003 3460 ero
1021 3399 1127 3462 afferre
1142 3420 1194 3460 ao-

89 3519 269 3578 cessionem.
311 3535 384 3576 nam
402 3519 585 3598 fragmenta,
614 3521 879 3603 quantulacunque
901 3519 979 3596 sint,
1000 3527 1116 3579 veteres
1136 3538 1195 3599 po·

90 3639 154 3718 puli
172 3637 306 3698 Romani
327 3638 486 3718 religiones
509 3640 709 3720 explicantis,
740 3637 862 3700 laciucii
880 3637 1042 3712 Alimenti,
1074 3637 1194 3717 Anysii,

91 3756 261 3838 Elpidisui,
292 3757 392 3818 Fuluii
412 3759 527 3835 Flacci,
555 3761 635 3820 lunii
656 3755 800 3836 Gracchi,
830 3757 918 3818 Bebii
937 3755 1047 3831 Macri,
1068 3755 1195 3816 Masurii

93 3875 214 3952 Sabini,
236 3877 318 3951 Nisi,
339 3877 445 3936 Rutilii
466 3878 587 3938 Gemini
609 3879 798 3963 sliommqus
819 3893 1054 3956 anonymorum,
1083 3874 1193 3956 collegi
1283 3947 1287 3956 ι

94 3994 269 4056 iamdudum
283 3992 493 4078 undecunque,
507 4017 578 4058 curn
590 4017 632 4058 ex
642 3998 727 4058 libris
740 3996 839 4073 editis,
853 3995 1047 4076 maximeque
1061 4013 1193 4074 egram·

93 4118 224 4194 matteis,
253 4126 322 4176 tum
349 4135 389 4174 ex
418 4113 506 4175 codd.
529 4117 740 4197 manuscriptis
762 4116 864 4196 Regiis
883 4111 1191 4198 bibliothecarumqus

95 4235 234 4316 alismm,
265 4246 413 4322 quotquot
434 4239 467 4298 in
486 4238 643 4300 itineribus
663 4238 740 4300 meis
761 4237 872 4298 Italicis
894 4235 979 4318 potui
1000 4236 1190 4316 perscrutari.
