<?xml version="1.0" encoding="UTF-8"?>
<!DOCTYPE html PUBLIC "-//W3C//DTD XHTML 1.0 Transitional//EN"
    "http://www.w3.org/TR/xhtml1/DTD/xhtml1-transitional.dtd">
<html xmlns="http://www.w3.org/1999/xhtml" xml:lang="en" lang="en">
 <head>
  <title>
</title>
<meta http-equiv="Content-Type" content="text/html;charset=utf-8" />
  <meta name='ocr-system' content='tesseract 3.04.00' />
  <meta name='ocr-capabilities' content='ocr_page ocr_carea ocr_par ocr_line ocrx_word'/>
</head>
<body>
  <div class='ocr_page' id='page_1' title='image "./ioanneslydus01lydugoog/ioanneslydus01lydugoog_0043.png"; bbox 0 0 3100 4958; ppageno 0'>
   <div class='ocr_carea' id='block_1_1' title="bbox 305 348 1116 428">
    <p class='ocr_par' dir='ltr' id='par_1_1' title="bbox 305 348 1116 428">
     <span class='ocr_line' id='line_1_1' title="bbox 305 348 1116 428; baseline -0.014 1"><span class='ocrx_word' id='word_1_1' title='bbox 305 377 432 428; x_wconf 77' lang='lat' dir='ltr'><strong>xxxrm</strong></span> <span class='ocrx_word' id='word_1_2' title='bbox 595 353 709 424; x_wconf 77' lang='lat' dir='ltr'><strong>nasu</strong></span> <span class='ocrx_word' id='word_1_3' title='bbox 732 353 791 420; x_wconf 90' lang='lat' dir='ltr'><strong>DE</strong></span> <span class='ocrx_word' id='word_1_4' title='bbox 814 349 974 420; x_wconf 77' lang='lat' dir='ltr'><strong>IOANNE</strong></span> <span class='ocrx_word' id='word_1_5' title='bbox 997 348 1116 418; x_wconf 80' lang='lat' dir='ltr'>LYDO</span> 
     </span>
    </p>
   </div>
   <div class='ocr_carea' id='block_1_2' title="bbox 179 553 1492 4424">
    <p class='ocr_par' dir='ltr' id='par_1_2' title="bbox 179 553 1492 4424">
     <span class='ocr_line' id='line_1_2' title="bbox 306 553 1405 637; baseline -0.012 -16"><span class='ocrx_word' id='word_1_6' title='bbox 306 561 427 620; x_wconf 71' lang='lat' dir='ltr'><strong>fumans</strong></span> <span class='ocrx_word' id='word_1_7' title='bbox 438 555 489 618; x_wconf 94' lang='lat' dir='ltr'><strong>hio</strong></span> <span class='ocrx_word' id='word_1_8' title='bbox 501 557 610 632; x_wconf 73' lang='lat' dir='ltr'><strong>edam,</strong></span> <span class='ocrx_word' id='word_1_9' title='bbox 631 565 666 616; x_wconf 90' lang='lat' dir='ltr'><strong>ut</strong></span> <span class='ocrx_word' id='word_1_10' title='bbox 680 575 788 636; x_wconf 89' lang='lat' dir='ltr'><strong>saepe,</strong></span> <span class='ocrx_word' id='word_1_11' title='bbox 816 571 924 637; x_wconf 89' lang='lat' dir='ltr'><strong>parum</strong></span> <span class='ocrx_word' id='word_1_12' title='bbox 936 571 1032 636; x_wconf 88' lang='lat' dir='ltr'><strong>aequa</strong></span> <span class='ocrx_word' id='word_1_13' title='bbox 1049 553 1117 616; x_wconf 83' lang='lat' dir='ltr'><strong>fuit.</strong></span> <span class='ocrx_word' id='word_1_14' title='bbox 1159 565 1231 610; x_wconf 87' lang='lat' dir='ltr'><strong>uam</strong></span> <span class='ocrx_word' id='word_1_15' title='bbox 1250 563 1338 625; x_wconf 91' lang='lat' dir='ltr'><strong>cum,</strong></span> <span class='ocrx_word' id='word_1_16' title='bbox 1370 555 1405 608; x_wconf 90' lang='lat' dir='ltr'><strong>ut</strong></span> 
     </span>
     <span class='ocr_line' id='line_1_3' title="bbox 309 651 1405 740; baseline -0.012 -19"><span class='ocrx_word' id='word_1_17' title='bbox 309 659 499 736; x_wconf 88' lang='lat' dir='ltr'><strong>dictumest,</strong></span> <span class='ocrx_word' id='word_1_18' title='bbox 528 660 648 740; x_wconf 72' lang='lat' dir='ltr'><strong>cpolim</strong></span> <span class='ocrx_word' id='word_1_19' title='bbox 667 661 779 718; x_wconf 76' lang='lat' dir='ltr'><strong>misam</strong></span> <span class='ocrx_word' id='word_1_20' title='bbox 801 669 897 734; x_wconf 90' lang='lat' dir='ltr'><strong>esset,</strong></span> <span class='ocrx_word' id='word_1_21' title='bbox 928 655 1130 737; x_wconf 88' lang='lat' dir='ltr'><strong>dilectamque</strong></span> <span class='ocrx_word' id='word_1_22' title='bbox 1147 671 1234 712; x_wconf 87' lang='lat' dir='ltr'><strong>suam</strong></span> <span class='ocrx_word' id='word_1_23' title='bbox 1248 651 1405 710; x_wconf 75' lang='lat' dir='ltr'><strong>Graeciam</strong></span> 
     </span>
     <span class='ocr_line' id='line_1_4' title="bbox 309 752 1407 842; baseline -0.014 -18"><span class='ocrx_word' id='word_1_24' title='bbox 309 764 392 824; x_wconf 82' lang='lat' dir='ltr'><strong>velut</strong></span> <span class='ocrx_word' id='word_1_25' title='bbox 404 761 606 842; x_wconf 87' lang='lat' dir='ltr'><strong>redintegrato</strong></span> <span class='ocrx_word' id='word_1_26' title='bbox 625 781 727 821; x_wconf 86' lang='lat' dir='ltr'><strong>amore</strong></span> <span class='ocrx_word' id='word_1_27' title='bbox 747 763 994 841; x_wconf 75' lang='lat' dir='ltr'><strong>complecteretur</strong></span> <span class='ocrx_word' id='word_1_28' title='bbox 1017 756 1074 838; x_wconf 90' lang='lat' dir='ltr'><strong>(ec</strong></span> <span class='ocrx_word' id='word_1_29' title='bbox 1091 756 1201 814; x_wconf 86' lang='lat' dir='ltr'><strong>melius</strong></span> <span class='ocrx_word' id='word_1_30' title='bbox 1217 773 1277 836; x_wconf 86' lang='lat' dir='ltr'><strong>quo</strong></span> <span class='ocrx_word' id='word_1_31' title='bbox 1293 752 1407 834; x_wconf 83' lang='lat' dir='ltr'><strong>publici</strong></span> 
     </span>
     <span class='ocr_line' id='line_1_5' title="bbox 309 852 1408 943; baseline -0.012 -18"><span class='ocrx_word' id='word_1_32' title='bbox 309 867 445 925; x_wconf 85' lang='lat' dir='ltr'><strong>muneris</strong></span> <span class='ocrx_word' id='word_1_33' title='bbox 462 864 619 924; x_wconf 73' lang='lat' dir='ltr'><strong>auctoritas</strong></span> <span class='ocrx_word' id='word_1_34' title='bbox 633 865 829 943; x_wconf 83' lang='lat' dir='ltr'><strong>opportunior</strong></span> <span class='ocrx_word' id='word_1_35' title='bbox 844 859 931 941; x_wconf 89' lang='lat' dir='ltr'><strong>erat),</strong></span> <span class='ocrx_word' id='word_1_36' title='bbox 953 858 1136 940; x_wconf 75' lang='lat' dir='ltr'><strong>haberetque</strong></span> <span class='ocrx_word' id='word_1_37' title='bbox 1148 875 1250 919; x_wconf 87' lang='lat' dir='ltr'><strong>secum</strong></span> <span class='ocrx_word' id='word_1_38' title='bbox 1265 852 1408 914; x_wconf 88' lang='lat' dir='ltr'><strong>eruditis-</strong></span> 
     </span>
     <span class='ocr_line' id='line_1_6' title="bbox 310 959 1409 1036; baseline -0.014 -8"><span class='ocrx_word' id='word_1_39' title='bbox 310 969 423 1028; x_wconf 89' lang='lat' dir='ltr'><strong>simum</strong></span> <span class='ocrx_word' id='word_1_40' title='bbox 438 963 594 1026; x_wconf 89' lang='lat' dir='ltr'><strong>homiuem</strong></span> <span class='ocrx_word' id='word_1_41' title='bbox 607 967 753 1024; x_wconf 87' lang='lat' dir='ltr'><strong>loannem</strong></span> <span class='ocrx_word' id='word_1_42' title='bbox 765 967 803 1024; x_wconf 86' lang='lat' dir='ltr'><strong>B.</strong></span> <span class='ocrx_word' id='word_1_43' title='bbox 818 965 851 1024; x_wconf 80' lang='lat' dir='ltr'><strong>G.</strong></span> <span class='ocrx_word' id='word_1_44' title='bbox 867 963 993 1023; x_wconf 86' lang='lat' dir='ltr'><strong>d’Ansse</strong></span> <span class='ocrx_word' id='word_1_45' title='bbox 1011 959 1049 1020; x_wconf 92' lang='lat' dir='ltr'><strong>de</strong></span> <span class='ocrx_word' id='word_1_46' title='bbox 1063 961 1220 1036; x_wconf 84' lang='lat' dir='ltr'><strong>Villoison,</strong></span> <span class='ocrx_word' id='word_1_47' title='bbox 1239 961 1276 1033; x_wconf 87' lang='lat' dir='ltr'><strong>is,</strong></span> <span class='ocrx_word' id='word_1_48' title='bbox 1296 967 1330 1016; x_wconf 90' lang='lat' dir='ltr'><strong>ut</strong></span> <span class='ocrx_word' id='word_1_49' title='bbox 1344 963 1409 1014; x_wconf 88' lang='lat' dir='ltr'><strong>erat</strong></span> 
     </span>
     <span class='ocr_line' id='line_1_7' title="bbox 312 1064 1411 1148; baseline -0.012 -20"><span class='ocrx_word' id='word_1_50' title='bbox 312 1069 474 1128; x_wconf 84' lang='lat' dir='ltr'><strong>acerrimus</strong></span> <span class='ocrx_word' id='word_1_51' title='bbox 497 1068 689 1148; x_wconf 87' lang='lat' dir='ltr'><strong>antiquorum</strong></span> <span class='ocrx_word' id='word_1_52' title='bbox 711 1065 850 1126; x_wconf 85' lang='lat' dir='ltr'><strong>codicum</strong></span> <span class='ocrx_word' id='word_1_53' title='bbox 864 1067 1075 1144; x_wconf 82' lang='lat' dir='ltr'><strong>investigator,</strong></span> <span class='ocrx_word' id='word_1_54' title='bbox 1101 1064 1284 1123; x_wconf 84' lang='lat' dir='ltr'><strong>Graecorum</strong></span> <span class='ocrx_word' id='word_1_55' title='bbox 1300 1075 1411 1118; x_wconf 87' lang='lat' dir='ltr'><strong>mona-</strong></span> 
     </span>
     <span class='ocr_line' id='line_1_8' title="bbox 179 1155 1413 1252; baseline -0.006 -26"><span class='ocrx_word' id='word_1_56' title='bbox 179 1190 207 1244; x_wconf 86' lang='lat' dir='ltr'><strong>p.</strong></span> <span class='ocrx_word' id='word_1_57' title='bbox 223 1183 297 1227; x_wconf 81' lang='lat' dir='ltr'><strong>axm</strong></span> <span class='ocrx_word' id='word_1_58' title='bbox 312 1170 402 1230; x_wconf 85' lang='lat' dir='ltr'><strong>steria</strong></span> <span class='ocrx_word' id='word_1_59' title='bbox 417 1166 581 1249; x_wconf 86' lang='lat' dir='ltr'><strong>percupide</strong></span> <span class='ocrx_word' id='word_1_60' title='bbox 595 1167 728 1252; x_wconf 89' lang='lat' dir='ltr'><strong>quidem,</strong></span> <span class='ocrx_word' id='word_1_61' title='bbox 746 1167 800 1229; x_wconf 87' lang='lat' dir='ltr'><strong>sed</strong></span> <span class='ocrx_word' id='word_1_62' title='bbox 814 1169 923 1228; x_wconf 87' lang='lat' dir='ltr'><strong>frustra</strong></span> <span class='ocrx_word' id='word_1_63' title='bbox 936 1169 1129 1227; x_wconf 79' lang='lat' dir='ltr'><strong>concurrerit.</strong></span> <span class='ocrx_word' id='word_1_64' title='bbox 1173 1184 1242 1226; x_wconf 90' lang='lat' dir='ltr'><strong>cum</strong></span> <span class='ocrx_word' id='word_1_65' title='bbox 1256 1173 1357 1222; x_wconf 88' lang='lat' dir='ltr'><strong>antem</strong></span> <span class='ocrx_word' id='word_1_66' title='bbox 1370 1155 1413 1219; x_wconf 86' lang='lat' dir='ltr'><strong>a&#39;d</strong></span> 
     </span>
     <span class='ocr_line' id='line_1_9' title="bbox 312 1261 1492 1352; baseline -0.01 -20"><span class='ocrx_word' id='word_1_67' title='bbox 312 1274 482 1352; x_wconf 73' lang='lat' dir='ltr'><strong>bosporum</strong></span> <span class='ocrx_word' id='word_1_68' title='bbox 494 1274 527 1331; x_wconf 90' lang='lat' dir='ltr'><strong>in</strong></span> <span class='ocrx_word' id='word_1_69' title='bbox 544 1271 714 1330; x_wconf 88' lang='lat' dir='ltr'><strong>suburbano</strong></span> <span class='ocrx_word' id='word_1_70' title='bbox 729 1271 836 1331; x_wconf 83' lang='lat' dir='ltr'><strong>Graeci</strong></span> <span class='ocrx_word' id='word_1_71' title='bbox 852 1267 1008 1329; x_wconf 88' lang='lat' dir='ltr'><strong>cuiusdam</strong></span> <span class='ocrx_word' id='word_1_72' title='bbox 1027 1270 1139 1328; x_wconf 87' lang='lat' dir='ltr'><strong>literati</strong></span> <span class='ocrx_word' id='word_1_73' title='bbox 1164 1287 1205 1328; x_wconf 85' lang='lat' dir='ltr'><strong>ex</strong></span> <span class='ocrx_word' id='word_1_74' title='bbox 1225 1261 1413 1326; x_wconf 80' lang='lat' dir='ltr'><strong>constantini</strong></span> <span class='ocrx_word' id='word_1_75' title='bbox 1486 1271 1492 1280; x_wconf 84' lang='lat'><em>&#39;</em></span> 
     </span>
     <span class='ocr_line' id='line_1_10' title="bbox 313 1370 1412 1454; baseline -0.009 -21"><span class='ocrx_word' id='word_1_76' title='bbox 313 1375 428 1433; x_wconf 79' lang='lat' dir='ltr'><strong>Morari</strong></span> <span class='ocrx_word' id='word_1_77' title='bbox 451 1373 596 1454; x_wconf 84' lang='lat' dir='ltr'><strong>principis</strong></span> <span class='ocrx_word' id='word_1_78' title='bbox 620 1373 765 1432; x_wconf 81' lang='lat' dir='ltr'><strong>affinitate</strong></span> <span class='ocrx_word' id='word_1_79' title='bbox 786 1374 880 1433; x_wconf 84' lang='lat' dir='ltr'><strong>libros</strong></span> <span class='ocrx_word' id='word_1_80' title='bbox 904 1370 1052 1454; x_wconf 88' lang='lat' dir='ltr'><strong>quosdam</strong></span> <span class='ocrx_word' id='word_1_81' title='bbox 1071 1380 1188 1431; x_wconf 81' lang='lat' dir='ltr'><strong>veteres</strong></span> <span class='ocrx_word' id='word_1_82' title='bbox 1208 1373 1412 1450; x_wconf 86' lang='lat' dir='ltr'><strong>pertractaret,</strong></span> 
     </span>
     <span class='ocr_line' id='line_1_11' title="bbox 313 1464 1414 1556; baseline -0.012 -20"><span class='ocrx_word' id='word_1_83' title='bbox 313 1476 429 1536; x_wconf 80' lang='lat' dir='ltr'><strong>invenit</strong></span> <span class='ocrx_word' id='word_1_84' title='bbox 444 1493 513 1534; x_wconf 89' lang='lat' dir='ltr'><strong>oum</strong></span> <span class='ocrx_word' id='word_1_85' title='bbox 526 1477 600 1536; x_wconf 86' lang='lat' dir='ltr'><strong>alios</strong></span> <span class='ocrx_word' id='word_1_86' title='bbox 612 1477 777 1556; x_wconf 90' lang='lat' dir='ltr'><strong>pretiosos,</strong></span> <span class='ocrx_word' id='word_1_87' title='bbox 801 1487 869 1536; x_wconf 89' lang='lat' dir='ltr'><strong>tum</strong></span> <span class='ocrx_word' id='word_1_88' title='bbox 886 1476 1037 1556; x_wconf 87' lang='lat' dir='ltr'><strong>inprimis</strong></span> <span class='ocrx_word' id='word_1_89' title='bbox 1055 1493 1151 1533; x_wconf 88' lang='lat' dir='ltr'><strong>nuum</strong></span> <span class='ocrx_word' id='word_1_90' title='bbox 1167 1469 1247 1554; x_wconf 87' lang='lat' dir='ltr'><strong>Lydi</strong></span> <span class='ocrx_word' id='word_1_91' title='bbox 1263 1487 1354 1549; x_wconf 89' lang='lat' dir='ltr'><strong>opera</strong></span> <span class='ocrx_word' id='word_1_92' title='bbox 1373 1464 1414 1525; x_wconf 91' lang='lat' dir='ltr'><strong>de</strong></span> 
     </span>
     <span class='ocr_line' id='line_1_12' title="bbox 313 1571 1415 1658; baseline -0.009 -20"><span class='ocrx_word' id='word_1_93' title='bbox 313 1578 446 1638; x_wconf 80' lang='lat' dir='ltr'><strong>ostentis</strong></span> <span class='ocrx_word' id='word_1_94' title='bbox 462 1575 560 1658; x_wconf 91' lang='lat' dir='ltr'><strong>deque</strong></span> <span class='ocrx_word' id='word_1_95' title='bbox 566 1579 789 1658; x_wconf 87' lang='lat' dir='ltr'><strong>Magistratibus</strong></span> <span class='ocrx_word' id='word_1_96' title='bbox 804 1579 1016 1638; x_wconf 88' lang='lat' dir='ltr'><strong>continentem.</strong></span> <span class='ocrx_word' id='word_1_97' title='bbox 1060 1574 1142 1635; x_wconf 91' lang='lat' dir='ltr'><strong>huno</strong></span> <span class='ocrx_word' id='word_1_98' title='bbox 1156 1577 1258 1634; x_wconf 88' lang='lat' dir='ltr'><strong>statim</strong></span> <span class='ocrx_word' id='word_1_99' title='bbox 1269 1571 1415 1630; x_wconf 88' lang='lat' dir='ltr'><strong>illustris-</strong></span> 
     </span>
     <span class='ocr_line' id='line_1_13' title="bbox 313 1669 1416 1762; baseline -0.011 -20"><span class='ocrx_word' id='word_1_100' title='bbox 313 1681 392 1742; x_wconf 82' lang='lat' dir='ltr'><strong>simo</strong></span> <span class='ocrx_word' id='word_1_101' title='bbox 407 1680 507 1759; x_wconf 90' lang='lat' dir='ltr'><strong>legato</strong></span> <span class='ocrx_word' id='word_1_102' title='bbox 524 1679 562 1740; x_wconf 92' lang='lat' dir='ltr'><strong>de</strong></span> <span class='ocrx_word' id='word_1_103' title='bbox 577 1679 721 1741; x_wconf 76' lang='lat' dir='ltr'><strong>choiseul</strong></span> <span class='ocrx_word' id='word_1_104' title='bbox 733 1679 866 1758; x_wconf 80' lang='lat' dir='ltr'><strong>indicat3</strong></span> <span class='ocrx_word' id='word_1_105' title='bbox 899 1682 953 1762; x_wconf 92' lang='lat' dir='ltr'><strong>qui</strong></span> <span class='ocrx_word' id='word_1_106' title='bbox 968 1697 1037 1738; x_wconf 90' lang='lat' dir='ltr'><strong>cum</strong></span> <span class='ocrx_word' id='word_1_107' title='bbox 1052 1677 1247 1758; x_wconf 85' lang='lat' dir='ltr'><strong>significasset</strong></span> <span class='ocrx_word' id='word_1_108' title='bbox 1262 1695 1295 1735; x_wconf 91' lang='lat' dir='ltr'><strong>se</strong></span> <span class='ocrx_word' id='word_1_109' title='bbox 1309 1675 1342 1732; x_wconf 89' lang='lat' dir='ltr'><strong>in</strong></span> <span class='ocrx_word' id='word_1_110' title='bbox 1358 1669 1416 1730; x_wconf 89' lang='lat' dir='ltr'><strong>de-</strong></span> 
     </span>
     <span class='ocr_line' id='line_1_14' title="bbox 314 1773 1417 1865; baseline -0.009 -23"><span class='ocrx_word' id='word_1_111' title='bbox 314 1779 425 1842; x_wconf 91' lang='lat' dir='ltr'><strong>siderio</strong></span> <span class='ocrx_word' id='word_1_112' title='bbox 446 1801 512 1842; x_wconf 88' lang='lat' dir='ltr'><strong>esse</strong></span> <span class='ocrx_word' id='word_1_113' title='bbox 532 1783 597 1843; x_wconf 89' lang='lat' dir='ltr'><strong>eius</strong></span> <span class='ocrx_word' id='word_1_114' title='bbox 613 1781 741 1860; x_wconf 86' lang='lat' dir='ltr'><strong>codicis,</strong></span> <span class='ocrx_word' id='word_1_115' title='bbox 769 1803 840 1844; x_wconf 88' lang='lat' dir='ltr'><strong>eum</strong></span> <span class='ocrx_word' id='word_1_116' title='bbox 860 1783 952 1865; x_wconf 90' lang='lat' dir='ltr'><strong>paulo</strong></span> <span class='ocrx_word' id='word_1_117' title='bbox 972 1791 1041 1863; x_wconf 90' lang='lat' dir='ltr'><strong>post</strong></span> <span class='ocrx_word' id='word_1_118' title='bbox 1059 1801 1077 1840; x_wconf 85' lang='lat' dir='ltr'><strong>a</strong></span> <span class='ocrx_word' id='word_1_119' title='bbox 1093 1781 1287 1840; x_wconf 81' lang='lat' dir='ltr'><strong>Constantino</strong></span> <span class='ocrx_word' id='word_1_120' title='bbox 1302 1773 1417 1836; x_wconf 77' lang='lat' dir='ltr'><strong>Moruni</strong></span> 
     </span>
     <span class='ocr_line' id='line_1_15' title="bbox 313 1880 1418 1966; baseline -0.005 -23"><span class='ocrx_word' id='word_1_121' title='bbox 313 1885 451 1965; x_wconf 90' lang='lat' dir='ltr'><strong>principe</strong></span> <span class='ocrx_word' id='word_1_122' title='bbox 466 1881 546 1944; x_wconf 87' lang='lat' dir='ltr'><strong>donc</strong></span> <span class='ocrx_word' id='word_1_123' title='bbox 559 1887 685 1966; x_wconf 87' lang='lat' dir='ltr'><strong>accepit.</strong></span> <span class='ocrx_word' id='word_1_124' title='bbox 718 1897 782 1948; x_wconf 90' lang='lat' dir='ltr'><strong>erat</strong></span> <span class='ocrx_word' id='word_1_125' title='bbox 795 1888 914 1946; x_wconf 82' lang='lat' dir='ltr'><strong>euirnis</strong></span> <span class='ocrx_word' id='word_1_126' title='bbox 929 1883 1141 1945; x_wconf 78' lang='lat' dir='ltr'><strong>Constantinus</strong></span> <span class='ocrx_word' id='word_1_127' title='bbox 1154 1883 1210 1941; x_wconf 85' lang='lat' dir='ltr'><strong>Bei</strong></span> <span class='ocrx_word' id='word_1_128' title='bbox 1224 1880 1337 1939; x_wconf 84' lang='lat' dir='ltr'><strong>Morusi</strong></span> <span class='ocrx_word' id='word_1_129' title='bbox 1350 1887 1418 1937; x_wconf 87' lang='lat' dir='ltr'><strong>tum</strong></span> 
     </span>
     <span class='ocr_line' id='line_1_16' title="bbox 314 1979 1418 2068; baseline -0.006 -22"><span class='ocrx_word' id='word_1_130' title='bbox 314 1988 381 2066; x_wconf 87' lang='lat' dir='ltr'><strong>ipse</strong></span> <span class='ocrx_word' id='word_1_131' title='bbox 394 1997 482 2046; x_wconf 89' lang='lat' dir='ltr'><strong>acuto</strong></span> <span class='ocrx_word' id='word_1_132' title='bbox 495 1998 526 2046; x_wconf 87' lang='lat' dir='ltr'><strong>et</strong></span> <span class='ocrx_word' id='word_1_133' title='bbox 538 1986 661 2048; x_wconf 86' lang='lat' dir='ltr'><strong>subacto</strong></span> <span class='ocrx_word' id='word_1_134' title='bbox 675 1990 817 2068; x_wconf 90' lang='lat' dir='ltr'><strong>ingenio,</strong></span> <span class='ocrx_word' id='word_1_135' title='bbox 840 1999 907 2048; x_wconf 89' lang='lat' dir='ltr'><strong>tum</strong></span> <span class='ocrx_word' id='word_1_136' title='bbox 928 1986 1071 2046; x_wconf 81' lang='lat' dir='ltr'><strong>adversus</strong></span> <span class='ocrx_word' id='word_1_137' title='bbox 1088 1985 1222 2044; x_wconf 89' lang='lat' dir='ltr'><strong>literatos</strong></span> <span class='ocrx_word' id='word_1_138' title='bbox 1237 1979 1336 2042; x_wconf 89' lang='lat' dir='ltr'><strong>studio</strong></span> <span class='ocrx_word' id='word_1_139' title='bbox 1351 1982 1418 2040; x_wconf 86' lang='lat' dir='ltr'><strong>sin-</strong></span> 
     </span>
     <span class='ocr_line' id='line_1_17' title="bbox 314 2079 1419 2171; baseline -0.006 -22"><span class='ocrx_word' id='word_1_140' title='bbox 314 2089 433 2168; x_wconf 73' lang='lat' dir='ltr'><strong>gulari3</strong></span> <span class='ocrx_word' id='word_1_141' title='bbox 465 2107 594 2171; x_wconf 89' lang='lat' dir='ltr'><strong>cumque</strong></span> <span class='ocrx_word' id='word_1_142' title='bbox 615 2090 708 2168; x_wconf 88' lang='lat' dir='ltr'><strong>paulo</strong></span> <span class='ocrx_word' id='word_1_143' title='bbox 722 2101 792 2150; x_wconf 88' lang='lat' dir='ltr'><strong>ante</strong></span> <span class='ocrx_word' id='word_1_144' title='bbox 806 2089 982 2153; x_wconf 84' lang='lat' dir='ltr'><strong>valachiam</strong></span> <span class='ocrx_word' id='word_1_145' title='bbox 996 2107 1115 2148; x_wconf 86' lang='lat' dir='ltr'><strong>summo</strong></span> <span class='ocrx_word' id='word_1_146' title='bbox 1131 2107 1200 2148; x_wconf 89' lang='lat' dir='ltr'><strong>cum</strong></span> <span class='ocrx_word' id='word_1_147' title='bbox 1215 2086 1343 2166; x_wconf 86' lang='lat' dir='ltr'><strong>imperio</strong></span> <span class='ocrx_word' id='word_1_148' title='bbox 1361 2079 1419 2142; x_wconf 88' lang='lat' dir='ltr'><strong>ad-</strong></span> 
     </span>
     <span class='ocr_line' id='line_1_18' title="bbox 315 2187 1418 2272; baseline -0.008 -20"><span class='ocrx_word' id='word_1_149' title='bbox 315 2192 529 2268; x_wconf 81' lang='lat' dir='ltr'><strong>ministrasset,</strong></span> <span class='ocrx_word' id='word_1_150' title='bbox 567 2200 640 2250; x_wconf 90' lang='lat' dir='ltr'><strong>tunc</strong></span> <span class='ocrx_word' id='word_1_151' title='bbox 659 2193 692 2251; x_wconf 91' lang='lat' dir='ltr'><strong>in</strong></span> <span class='ocrx_word' id='word_1_152' title='bbox 713 2189 807 2253; x_wconf 89' lang='lat' dir='ltr'><strong>hortis</strong></span> <span class='ocrx_word' id='word_1_153' title='bbox 831 2191 871 2252; x_wconf 88' lang='lat' dir='ltr'><strong>ad</strong></span> <span class='ocrx_word' id='word_1_154' title='bbox 890 2195 1059 2272; x_wconf 78' lang='lat' dir='ltr'><strong>Bosporum</strong></span> <span class='ocrx_word' id='word_1_155' title='bbox 1084 2188 1303 2249; x_wconf 76' lang='lat' dir='ltr'><strong>amoenissimis</strong></span> <span class='ocrx_word' id='word_1_156' title='bbox 1324 2187 1418 2266; x_wconf 86' lang='lat' dir='ltr'><strong>inqua</strong></span> 
     </span>
     <span class='ocr_line' id='line_1_19' title="bbox 316 2290 1419 2370; baseline -0.008 -16"><span class='ocrx_word' id='word_1_157' title='bbox 316 2292 445 2354; x_wconf 85' lang='lat' dir='ltr'><strong>mirifica</strong></span> <span class='ocrx_word' id='word_1_158' title='bbox 457 2292 603 2352; x_wconf 87' lang='lat' dir='ltr'><strong>librorum</strong></span> <span class='ocrx_word' id='word_1_159' title='bbox 616 2313 740 2354; x_wconf 88' lang='lat' dir='ltr'><strong>suorum</strong></span> <span class='ocrx_word' id='word_1_160' title='bbox 752 2293 935 2357; x_wconf 85' lang='lat' dir='ltr'><strong>bibliotheca</strong></span> <span class='ocrx_word' id='word_1_161' title='bbox 946 2294 1091 2354; x_wconf 90' lang='lat' dir='ltr'><strong>felicitate</strong></span> <span class='ocrx_word' id='word_1_162' title='bbox 1103 2294 1202 2370; x_wconf 87' lang='lat' dir='ltr'><strong>magis</strong></span> <span class='ocrx_word' id='word_1_163' title='bbox 1213 2290 1314 2350; x_wconf 89' lang='lat' dir='ltr'><strong>stabili</strong></span> <span class='ocrx_word' id='word_1_164' title='bbox 1326 2305 1419 2369; x_wconf 85' lang='lat' dir='ltr'><strong>qnam</strong></span> 
     </span>
     <span class='ocr_line' id='line_1_20' title="bbox 316 2393 1420 2477; baseline -0.005 -24"><span class='ocrx_word' id='word_1_165' title='bbox 316 2413 453 2475; x_wconf 88' lang='lat' dir='ltr'><strong>uuquam</strong></span> <span class='ocrx_word' id='word_1_166' title='bbox 466 2405 554 2454; x_wconf 83' lang='lat' dir='ltr'><strong>antee</strong></span> <span class='ocrx_word' id='word_1_167' title='bbox 569 2395 733 2458; x_wconf 82' lang='lat' dir='ltr'><strong>fruebatur.</strong></span> <span class='ocrx_word' id='word_1_168' title='bbox 776 2395 895 2458; x_wconf 81' lang='lat' dir='ltr'><strong>itahos</strong></span> <span class='ocrx_word' id='word_1_169' title='bbox 917 2397 1118 2477; x_wconf 87' lang='lat' dir='ltr'><strong>amplissimos</strong></span> <span class='ocrx_word' id='word_1_170' title='bbox 1129 2397 1235 2468; x_wconf 68' lang='lat' dir='ltr'><strong>ciros,</strong></span> <span class='ocrx_word' id='word_1_171' title='bbox 1268 2411 1343 2474; x_wconf 87' lang='lat' dir='ltr'><strong>quos</strong></span> <span class='ocrx_word' id='word_1_172' title='bbox 1356 2393 1420 2449; x_wconf 86' lang='lat' dir='ltr'><strong>iam</strong></span> 
     </span>
     <span class='ocr_line' id='line_1_21' title="bbox 317 2491 1420 2578; baseline -0.005 -22"><span class='ocrx_word' id='word_1_173' title='bbox 317 2497 484 2557; x_wconf 82' lang='lat' dir='ltr'><strong>sociaverat</strong></span> <span class='ocrx_word' id='word_1_174' title='bbox 497 2495 665 2558; x_wconf 89' lang='lat' dir='ltr'><strong>studiorum</strong></span> <span class='ocrx_word' id='word_1_175' title='bbox 678 2499 855 2577; x_wconf 85' lang='lat' dir='ltr'><strong>similitudo,</strong></span> <span class='ocrx_word' id='word_1_176' title='bbox 876 2511 943 2560; x_wconf 89' lang='lat' dir='ltr'><strong>turn</strong></span> <span class='ocrx_word' id='word_1_177' title='bbox 954 2499 1052 2578; x_wconf 87' lang='lat' dir='ltr'><strong>magis</strong></span> <span class='ocrx_word' id='word_1_178' title='bbox 1067 2500 1158 2557; x_wconf 86' lang='lat' dir='ltr'><strong>etiam</strong></span> <span class='ocrx_word' id='word_1_179' title='bbox 1173 2497 1328 2557; x_wconf 86' lang='lat' dir='ltr'><strong>coniunxit</strong></span> <span class='ocrx_word' id='word_1_180' title='bbox 1339 2491 1420 2574; x_wconf 78' lang='lat' dir='ltr'><strong>nyur</strong></span> 
     </span>
     <span class='ocr_line' id='line_1_22' title="bbox 316 2597 1421 2683; baseline -0.004 -25"><span class='ocrx_word' id='word_1_181' title='bbox 316 2597 397 2658; x_wconf 85' lang='lat' dir='ltr'><strong>liber</strong></span> <span class='ocrx_word' id='word_1_182' title='bbox 411 2597 490 2661; x_wconf 91' lang='lat' dir='ltr'><strong>dono</strong></span> <span class='ocrx_word' id='word_1_183' title='bbox 504 2602 615 2663; x_wconf 88' lang='lat' dir='ltr'><strong>missus</strong></span> <span class='ocrx_word' id='word_1_184' title='bbox 631 2611 661 2660; x_wconf 85' lang='lat' dir='ltr'><strong>et</strong></span> <span class='ocrx_word' id='word_1_185' title='bbox 680 2613 829 2682; x_wconf 89' lang='lat' dir='ltr'><strong>acceptus,</strong></span> <span class='ocrx_word' id='word_1_186' title='bbox 852 2600 1109 2683; x_wconf 87' lang='lat' dir='ltr'><strong>quemadmodum</strong></span> <span class='ocrx_word' id='word_1_187' title='bbox 1126 2601 1257 2680; x_wconf 86' lang='lat' dir='ltr'><strong>antiquis</strong></span> <span class='ocrx_word' id='word_1_188' title='bbox 1273 2597 1421 2676; x_wconf 87' lang='lat' dir='ltr'><strong>tempori·</strong></span> 
     </span>
     <span class='ocr_line' id='line_1_23' title="bbox 318 2697 1421 2786; baseline -0.004 -25"><span class='ocrx_word' id='word_1_189' title='bbox 318 2699 387 2778; x_wconf 89' lang='lat' dir='ltr'><strong>bus,</strong></span> <span class='ocrx_word' id='word_1_190' title='bbox 409 2702 539 2786; x_wconf 84' lang='lat' dir='ltr'><strong>adquae</strong></span> <span class='ocrx_word' id='word_1_191' title='bbox 554 2723 645 2785; x_wconf 87' lang='lat' dir='ltr'><strong>saepe</strong></span> <span class='ocrx_word' id='word_1_192' title='bbox 661 2706 797 2764; x_wconf 88' lang='lat' dir='ltr'><strong>animum</strong></span> <span class='ocrx_word' id='word_1_193' title='bbox 810 2705 858 2764; x_wconf 90' lang='lat' dir='ltr'><strong>illi</strong></span> <span class='ocrx_word' id='word_1_194' title='bbox 872 2704 1041 2764; x_wconf 87' lang='lat' dir='ltr'><strong>referebant</strong></span> <span class='ocrx_word' id='word_1_195' title='bbox 1056 2723 1154 2778; x_wconf 87' lang='lat' dir='ltr'><strong>suurn,</strong></span> <span class='ocrx_word' id='word_1_196' title='bbox 1170 2703 1265 2760; x_wconf 88' lang='lat' dir='ltr'><strong>claros</strong></span> <span class='ocrx_word' id='word_1_197' title='bbox 1281 2697 1421 2758; x_wconf 86' lang='lat' dir='ltr'><strong>homines</strong></span> 
     </span>
     <span class='ocr_line' id='line_1_24' title="bbox 318 2803 1294 2889; baseline -0.005 -23"><span class='ocrx_word' id='word_1_198' title='bbox 318 2804 450 2886; x_wconf 84' lang='lat' dir='ltr'><strong>legimus</strong></span> <span class='ocrx_word' id='word_1_199' title='bbox 462 2810 563 2869; x_wconf 86' lang='lat' dir='ltr'><strong>xeniis</strong></span> <span class='ocrx_word' id='word_1_200' title='bbox 574 2809 654 2869; x_wconf 90' lang='lat' dir='ltr'><strong>ultro</strong></span> <span class='ocrx_word' id='word_1_201' title='bbox 670 2811 803 2889; x_wconf 85' lang='lat' dir='ltr'><strong>citmque</strong></span> <span class='ocrx_word' id='word_1_202' title='bbox 819 2805 898 2867; x_wconf 87' lang='lat' dir='ltr'><strong>datis</strong></span> <span class='ocrx_word' id='word_1_203' title='bbox 913 2809 1077 2866; x_wconf 84' lang='lat' dir='ltr'><strong>amicitiam</strong></span> <span class='ocrx_word' id='word_1_204' title='bbox 1092 2803 1294 2866; x_wconf 80' lang='lat' dir='ltr'><strong>continuasse.</strong></span> 
     </span>
     <span class='ocr_line' id='line_1_25' title="bbox 257 2897 1423 2993; baseline -0.007 -24"><span class='ocrx_word' id='word_1_205' title='bbox 257 2916 300 2979; x_wconf 75' lang='lat'><strong>29</strong></span> <span class='ocrx_word' id='word_1_206' title='bbox 404 2911 584 2993; x_wconf 77' lang='lat' dir='ltr'><strong>Quanquam</strong></span> <span class='ocrx_word' id='word_1_207' title='bbox 594 2931 634 2971; x_wconf 92' lang='lat' dir='ltr'><strong>ne</strong></span> <span class='ocrx_word' id='word_1_208' title='bbox 647 2914 690 2973; x_wconf 82' lang='lat' dir='ltr'><strong>aio</strong></span> <span class='ocrx_word' id='word_1_209' title='bbox 703 2900 827 2993; x_wconf 89' lang='lat' dir='ltr'><strong>quidem</strong></span> <span class='ocrx_word' id='word_1_210' title='bbox 840 2909 945 2991; x_wconf 70' lang='lat' dir='ltr'><strong>laydus</strong></span> <span class='ocrx_word' id='word_1_211' title='bbox 960 2912 1062 2970; x_wconf 89' lang='lat' dir='ltr'><strong>statim</strong></span> <span class='ocrx_word' id='word_1_212' title='bbox 1076 2910 1176 2968; x_wconf 87' lang='lat' dir='ltr'><strong>lucem</strong></span> <span class='ocrx_word' id='word_1_213' title='bbox 1191 2907 1320 2986; x_wconf 86' lang='lat' dir='ltr'><strong>aspexit,</strong></span> <span class='ocrx_word' id='word_1_214' title='bbox 1340 2897 1423 2986; x_wconf 88' lang='lat' dir='ltr'><strong>quod</strong></span> 
     </span>
     <span class='ocr_line' id='line_1_26' title="bbox 321 3009 1424 3095; baseline -0.003 -28"><span class='ocrx_word' id='word_1_215' title='bbox 321 3009 355 3067; x_wconf 90' lang='lat' dir='ltr'><strong>iu</strong></span> <span class='ocrx_word' id='word_1_216' title='bbox 367 3025 528 3072; x_wconf 88' lang='lat' dir='ltr'><strong>consecuta</strong></span> <span class='ocrx_word' id='word_1_217' title='bbox 542 3015 628 3094; x_wconf 88' lang='lat' dir='ltr'><strong>regni</strong></span> <span class='ocrx_word' id='word_1_218' title='bbox 642 3015 752 3074; x_wconf 83' lang='lat' dir='ltr'><strong>Gallici</strong></span> <span class='ocrx_word' id='word_1_219' title='bbox 766 3014 921 3072; x_wconf 73' lang='lat' dir='ltr'><strong>eversione</strong></span> <span class='ocrx_word' id='word_1_220' title='bbox 935 3014 1094 3095; x_wconf 88' lang='lat' dir='ltr'><strong>subitoque</strong></span> <span class='ocrx_word' id='word_1_221' title='bbox 1108 3029 1196 3085; x_wconf 86' lang='lat' dir='ltr'><strong>casu,</strong></span> <span class='ocrx_word' id='word_1_222' title='bbox 1226 3025 1286 3089; x_wconf 90' lang='lat' dir='ltr'><strong>quo</strong></span> <span class='ocrx_word' id='word_1_223' title='bbox 1301 3009 1424 3084; x_wconf 86' lang='lat' dir='ltr'><strong>Europa</strong></span> 
     </span>
     <span class='ocr_line' id='line_1_27' title="bbox 189 3111 1424 3194; baseline -0.002 -26"><span class='ocrx_word' id='word_1_224' title='bbox 189 3128 219 3181; x_wconf 82' lang='lat' dir='ltr'><strong>p·</strong></span> <span class='ocrx_word' id='word_1_225' title='bbox 233 3129 303 3169; x_wconf 74' lang='lat' dir='ltr'><strong>carr</strong></span> <span class='ocrx_word' id='word_1_226' title='bbox 322 3115 421 3172; x_wconf 89' lang='lat' dir='ltr'><strong>omnis</strong></span> <span class='ocrx_word' id='word_1_227' title='bbox 440 3117 635 3193; x_wconf 87' lang='lat' dir='ltr'><strong>contremuit,</strong></span> <span class='ocrx_word' id='word_1_228' title='bbox 667 3117 771 3176; x_wconf 86' lang='lat' dir='ltr'><strong>nullm</strong></span> <span class='ocrx_word' id='word_1_229' title='bbox 791 3112 879 3194; x_wconf 79' lang='lat' dir='ltr'><strong>Lydo</strong></span> <span class='ocrx_word' id='word_1_230' title='bbox 896 3115 980 3174; x_wconf 89' lang='lat' dir='ltr'><strong>locus</strong></span> <span class='ocrx_word' id='word_1_231' title='bbox 997 3123 1161 3194; x_wconf 89' lang='lat' dir='ltr'><strong>supererat.</strong></span> <span class='ocrx_word' id='word_1_232' title='bbox 1203 3129 1275 3170; x_wconf 88' lang='lat' dir='ltr'><strong>nam</strong></span> <span class='ocrx_word' id='word_1_233' title='bbox 1289 3111 1424 3190; x_wconf 88' lang='lat' dir='ltr'><strong>primum</strong></span> 
     </span>
     <span class='ocr_line' id='line_1_28' title="bbox 320 3213 1425 3297; baseline -0.003 -25"><span class='ocrx_word' id='word_1_234' title='bbox 320 3213 387 3293; x_wconf 89' lang='lat' dir='ltr'><strong>ipss</strong></span> <span class='ocrx_word' id='word_1_235' title='bbox 401 3213 512 3276; x_wconf 87' lang='lat' dir='ltr'><strong>codicis</strong></span> <span class='ocrx_word' id='word_1_236' title='bbox 527 3237 699 3297; x_wconf 88' lang='lat' dir='ltr'><strong>possessor,</strong></span> <span class='ocrx_word' id='word_1_237' title='bbox 728 3227 847 3278; x_wconf 86' lang='lat' dir='ltr'><strong>coactns</strong></span> <span class='ocrx_word' id='word_1_238' title='bbox 868 3220 984 3295; x_wconf 88' lang='lat' dir='ltr'><strong>patriae</strong></span> <span class='ocrx_word' id='word_1_239' title='bbox 999 3217 1074 3277; x_wconf 88' lang='lat' dir='ltr'><strong>fines</strong></span> <span class='ocrx_word' id='word_1_240' title='bbox 1089 3213 1227 3274; x_wconf 85' lang='lat' dir='ltr'><strong>fidelitati</strong></span> <span class='ocrx_word' id='word_1_241' title='bbox 1241 3232 1313 3274; x_wconf 90' lang='lat' dir='ltr'><strong>suae</strong></span> <span class='ocrx_word' id='word_1_242' title='bbox 1328 3213 1425 3270; x_wconf 87' lang='lat' dir='ltr'><strong>inter-</strong></span> 
     </span>
     <span class='ocr_line' id='line_1_29' title="bbox 322 3312 1424 3401; baseline -0.003 -27"><span class='ocrx_word' id='word_1_243' title='bbox 322 3312 419 3377; x_wconf 89' lang='lat' dir='ltr'><strong>dictos</strong></span> <span class='ocrx_word' id='word_1_244' title='bbox 429 3317 521 3398; x_wconf 86' lang='lat' dir='ltr'><strong>longa</strong></span> <span class='ocrx_word' id='word_1_245' title='bbox 533 3331 710 3401; x_wconf 86' lang='lat' dir='ltr'><strong>respectare,</strong></span> <span class='ocrx_word' id='word_1_246' title='bbox 733 3337 811 3401; x_wconf 88' lang='lat' dir='ltr'><strong>aqua</strong></span> <span class='ocrx_word' id='word_1_247' title='bbox 825 3319 976 3397; x_wconf 81' lang='lat' dir='ltr'><strong>legatione</strong></span> <span class='ocrx_word' id='word_1_248' title='bbox 990 3319 1163 3379; x_wconf 87' lang='lat' dir='ltr'><strong>inexilium</strong></span> <span class='ocrx_word' id='word_1_249' title='bbox 1177 3316 1346 3376; x_wconf 85' lang='lat' dir='ltr'><strong>voluntaria</strong></span> <span class='ocrx_word' id='word_1_250' title='bbox 1357 3314 1424 3372; x_wconf 68' lang='lat' dir='ltr'><strong>ulca</strong></span> 
     </span>
     <span class='ocr_line' id='line_1_30' title="bbox 322 3415 1426 3502; baseline -0.002 -26"><span class='ocrx_word' id='word_1_251' title='bbox 322 3415 493 3498; x_wconf 67' lang='lat' dir='ltr'><strong>uadnctus,</strong></span> <span class='ocrx_word' id='word_1_252' title='bbox 521 3440 541 3480; x_wconf 89' lang='lat' dir='ltr'><strong>a</strong></span> <span class='ocrx_word' id='word_1_253' title='bbox 553 3421 751 3484; x_wconf 71' lang='lat' dir='ltr'><strong>Serenbsima</strong></span> <span class='ocrx_word' id='word_1_254' title='bbox 764 3423 918 3500; x_wconf 75' lang='lat' dir='ltr'><strong>Augusta,</strong></span> <span class='ocrx_word' id='word_1_255' title='bbox 951 3439 1028 3502; x_wconf 89' lang='lat' dir='ltr'><strong>quas</strong></span> <span class='ocrx_word' id='word_1_256' title='bbox 1042 3431 1115 3482; x_wconf 81' lang='lat' dir='ltr'><strong>ttsnc</strong></span> <span class='ocrx_word' id='word_1_257' title='bbox 1128 3421 1309 3480; x_wconf 88' lang='lat' dir='ltr'><strong>latissimum</strong></span> <span class='ocrx_word' id='word_1_258' title='bbox 1324 3419 1426 3496; x_wconf 87' lang='lat' dir='ltr'><strong>impe-</strong></span> 
     </span>
     <span class='ocr_line' id='line_1_31' title="bbox 322 3519 1426 3608; baseline -0.004 -28"><span class='ocrx_word' id='word_1_259' title='bbox 322 3521 404 3581; x_wconf 90' lang='lat' dir='ltr'><strong>rium</strong></span> <span class='ocrx_word' id='word_1_260' title='bbox 417 3523 586 3606; x_wconf 86' lang='lat' dir='ltr'><strong>aquilonari</strong></span> <span class='ocrx_word' id='word_1_261' title='bbox 602 3526 691 3608; x_wconf 86' lang='lat' dir='ltr'><strong>plaga</strong></span> <span class='ocrx_word' id='word_1_262' title='bbox 705 3525 834 3606; x_wconf 86' lang='lat' dir='ltr'><strong>gloriose</strong></span> <span class='ocrx_word' id='word_1_263' title='bbox 851 3523 1047 3604; x_wconf 90' lang='lat' dir='ltr'><strong>gubernabat,</strong></span> <span class='ocrx_word' id='word_1_264' title='bbox 1067 3533 1103 3584; x_wconf 90' lang='lat' dir='ltr'><strong>ut</strong></span> <span class='ocrx_word' id='word_1_265' title='bbox 1119 3521 1159 3582; x_wconf 91' lang='lat' dir='ltr'><strong>ad</strong></span> <span class='ocrx_word' id='word_1_266' title='bbox 1174 3541 1242 3582; x_wconf 89' lang='lat' dir='ltr'><strong>eam</strong></span> <span class='ocrx_word' id='word_1_267' title='bbox 1256 3539 1289 3580; x_wconf 90' lang='lat' dir='ltr'><strong>se</strong></span> <span class='ocrx_word' id='word_1_268' title='bbox 1306 3519 1426 3579; x_wconf 86' lang='lat' dir='ltr'><strong>confer·</strong></span> 
     </span>
     <span class='ocr_line' id='line_1_32' title="bbox 322 3621 1425 3710; baseline -0.004 -28"><span class='ocrx_word' id='word_1_269' title='bbox 322 3633 370 3684; x_wconf 87' lang='lat' dir='ltr'><strong>ret</strong></span> <span class='ocrx_word' id='word_1_270' title='bbox 384 3621 684 3688; x_wconf 84' lang='lat' dir='ltr'><strong>honorificentissimo</strong></span> <span class='ocrx_word' id='word_1_271' title='bbox 696 3628 841 3688; x_wconf 84' lang='lat' dir='ltr'><strong>inritatus</strong></span> <span class='ocrx_word' id='word_1_272' title='bbox 858 3637 914 3688; x_wconf 85' lang='lat' dir='ltr'><strong>est.</strong></span> <span class='ocrx_word' id='word_1_273' title='bbox 957 3645 1099 3710; x_wconf 90' lang='lat' dir='ltr'><strong>quocum</strong></span> <span class='ocrx_word' id='word_1_274' title='bbox 1113 3625 1293 3698; x_wconf 84' lang='lat' dir='ltr'><strong>secessisset,</strong></span> <span class='ocrx_word' id='word_1_275' title='bbox 1312 3629 1343 3680; x_wconf 90' lang='lat' dir='ltr'><strong>et</strong></span> <span class='ocrx_word' id='word_1_276' title='bbox 1356 3621 1425 3700; x_wconf 84' lang='lat' dir='ltr'><strong>ipss</strong></span> 
     </span>
     <span class='ocr_line' id='line_1_33' title="bbox 323 3719 1426 3812; baseline -0.005 -27"><span class='ocrx_word' id='word_1_277' title='bbox 323 3729 432 3808; x_wconf 86' lang='lat' dir='ltr'><strong>quanti</strong></span> <span class='ocrx_word' id='word_1_278' title='bbox 446 3747 518 3790; x_wconf 80' lang='lat' dir='ltr'><strong>erun</strong></span> <span class='ocrx_word' id='word_1_279' title='bbox 529 3730 657 3806; x_wconf 82' lang='lat' dir='ltr'><strong>facerat,</strong></span> <span class='ocrx_word' id='word_1_280' title='bbox 684 3739 832 3812; x_wconf 90' lang='lat' dir='ltr'><strong>qnantum</strong></span> <span class='ocrx_word' id='word_1_281' title='bbox 848 3727 999 3805; x_wconf 91' lang='lat' dir='ltr'><strong>crederet,</strong></span> <span class='ocrx_word' id='word_1_282' title='bbox 1021 3726 1201 3790; x_wconf 89' lang='lat' dir='ltr'><strong>documenta</strong></span> <span class='ocrx_word' id='word_1_283' title='bbox 1216 3727 1351 3784; x_wconf 81' lang='lat' dir='ltr'><strong>maxima</strong></span> <span class='ocrx_word' id='word_1_284' title='bbox 1368 3719 1426 3780; x_wconf 89' lang='lat' dir='ltr'><strong>de-</strong></span> 
     </span>
     <span class='ocr_line' id='line_1_34' title="bbox 323 3826 1425 3910; baseline -0.005 -22"><span class='ocrx_word' id='word_1_285' title='bbox 323 3826 389 3904; x_wconf 82' lang='lat' dir='ltr'><strong>dit3</strong></span> <span class='ocrx_word' id='word_1_286' title='bbox 417 3841 448 3891; x_wconf 90' lang='lat' dir='ltr'><strong>et</strong></span> <span class='ocrx_word' id='word_1_287' title='bbox 465 3831 546 3893; x_wconf 82' lang='lat' dir='ltr'><strong>filim</strong></span> <span class='ocrx_word' id='word_1_288' title='bbox 560 3835 636 3894; x_wconf 88' lang='lat' dir='ltr'><strong>item</strong></span> <span class='ocrx_word' id='word_1_289' title='bbox 649 3832 713 3892; x_wconf 83' lang='lat' dir='ltr'><strong>eius</strong></span> <span class='ocrx_word' id='word_1_290' title='bbox 725 3832 851 3892; x_wconf 86' lang='lat' dir='ltr'><strong>meliore</strong></span> <span class='ocrx_word' id='word_1_291' title='bbox 865 3831 986 3890; x_wconf 70' lang='lat' dir='ltr'><strong>fortuma</strong></span> <span class='ocrx_word' id='word_1_292' title='bbox 1001 3827 1110 3910; x_wconf 81' lang='lat' dir='ltr'><strong>dignm</strong></span> <span class='ocrx_word' id='word_1_293' title='bbox 1125 3830 1239 3889; x_wconf 82' lang='lat' dir='ltr'><strong>Paulus</strong></span> <span class='ocrx_word' id='word_1_294' title='bbox 1253 3830 1425 3907; x_wconf 90' lang='lat' dir='ltr'><strong>imperator,</strong></span> 
     </span>
     <span class='ocr_line' id='line_1_35' title="bbox 195 3931 1426 4016; baseline -0.004 -26"><span class='ocrx_word' id='word_1_295' title='bbox 195 3945 198 3954; x_wconf 88' lang='lat'>·</span> <span class='ocrx_word' id='word_1_296' title='bbox 323 3949 395 3989; x_wconf 87' lang='lat' dir='ltr'><strong>cum</strong></span> <span class='ocrx_word' id='word_1_297' title='bbox 409 3945 489 3994; x_wconf 84' lang='lat' dir='ltr'><strong>esset</strong></span> <span class='ocrx_word' id='word_1_298' title='bbox 501 3935 622 3994; x_wconf 88' lang='lat' dir='ltr'><strong>liberali</strong></span> <span class='ocrx_word' id='word_1_299' title='bbox 637 3953 673 3995; x_wconf 90' lang='lat' dir='ltr'><strong>ac</strong></span> <span class='ocrx_word' id='word_1_300' title='bbox 686 3953 798 4014; x_wconf 87' lang='lat' dir='ltr'><strong>magno</strong></span> <span class='ocrx_word' id='word_1_301' title='bbox 812 3936 915 3994; x_wconf 89' lang='lat' dir='ltr'><strong>animo</strong></span> <span class='ocrx_word' id='word_1_302' title='bbox 928 3931 1082 4016; x_wconf 82' lang='lat' dir='ltr'><strong>praeditus</strong></span> <span class='ocrx_word' id='word_1_303' title='bbox 1103 3933 1250 4010; x_wconf 84' lang='lat' dir='ltr'><strong>iustisque</strong></span> <span class='ocrx_word' id='word_1_304' title='bbox 1271 3939 1362 4010; x_wconf 70' lang='lat' dir='ltr'><strong>atque</strong></span> <span class='ocrx_word' id='word_1_305' title='bbox 1376 3947 1426 3986; x_wconf 86' lang='lat' dir='ltr'><strong>re-</strong></span> 
     </span>
     <span class='ocr_line' id='line_1_36' title="bbox 323 4023 1426 4118; baseline -0.004 -25"><span class='ocrx_word' id='word_1_306' title='bbox 323 4035 380 4094; x_wconf 88' lang='lat' dir='ltr'><strong>ctis</strong></span> <span class='ocrx_word' id='word_1_307' title='bbox 394 4038 609 4115; x_wconf 85' lang='lat' dir='ltr'><strong>voluntatibus,</strong></span> <span class='ocrx_word' id='word_1_308' title='bbox 630 4039 852 4118; x_wconf 87' lang='lat' dir='ltr'><strong>amplissimum</strong></span> <span class='ocrx_word' id='word_1_309' title='bbox 864 4040 964 4097; x_wconf 81' lang='lat' dir='ltr'><strong>virum</strong></span> <span class='ocrx_word' id='word_1_310' title='bbox 976 4035 1128 4094; x_wconf 77' lang='lat' dir='ltr'><strong>beneficiIs</strong></span> <span class='ocrx_word' id='word_1_311' title='bbox 1143 4031 1283 4114; x_wconf 86' lang='lat' dir='ltr'><strong>plurimis</strong></span> <span class='ocrx_word' id='word_1_312' title='bbox 1299 4023 1426 4102; x_wconf 62' lang='lat' dir='ltr'><strong>ornabit,</strong></span> 
     </span>
     <span class='ocr_line' id='line_1_37' title="bbox 327 4117 1429 4220; baseline -0.004 -26"><span class='ocrx_word' id='word_1_313' title='bbox 327 4137 474 4198; x_wconf 86' lang='lat' dir='ltr'><strong>afflictum</strong></span> <span class='ocrx_word' id='word_1_314' title='bbox 490 4141 597 4214; x_wconf 86' lang='lat' dir='ltr'><strong>erexit,</strong></span> <span class='ocrx_word' id='word_1_315' title='bbox 619 4143 732 4200; x_wconf 79' lang='lat' dir='ltr'><strong>extorri</strong></span> <span class='ocrx_word' id='word_1_316' title='bbox 744 4151 869 4220; x_wconf 85' lang='lat' dir='ltr'><strong>penates</strong></span> <span class='ocrx_word' id='word_1_317' title='bbox 884 4139 1121 4218; x_wconf 87' lang='lat' dir='ltr'><strong>dignitatemque</strong></span> <span class='ocrx_word' id='word_1_318' title='bbox 1135 4132 1280 4194; x_wconf 82' lang='lat' dir='ltr'><strong>reddidit:</strong></span> <span class='ocrx_word' id='word_1_319' title='bbox 1298 4117 1429 4192; x_wconf 81' lang='lat' dir='ltr'><strong>manda·-</strong></span> 
     </span>
     <span class='ocr_line' id='line_1_38' title="bbox 326 4233 1429 4320; baseline -0.006 -22"><span class='ocrx_word' id='word_1_320' title='bbox 326 4239 371 4298; x_wconf 83' lang='lat' dir='ltr'><strong>vit</strong></span> <span class='ocrx_word' id='word_1_321' title='bbox 387 4235 510 4300; x_wconf 89' lang='lat' dir='ltr'><strong>demum</strong></span> <span class='ocrx_word' id='word_1_322' title='bbox 524 4259 697 4320; x_wconf 88' lang='lat' dir='ltr'><strong>supremam</strong></span> <span class='ocrx_word' id='word_1_323' title='bbox 712 4261 815 4300; x_wconf 87' lang='lat' dir='ltr'><strong>curam</strong></span> <span class='ocrx_word' id='word_1_324' title='bbox 826 4259 896 4300; x_wconf 89' lang='lat' dir='ltr'><strong>oum</strong></span> <span class='ocrx_word' id='word_1_325' title='bbox 911 4241 1049 4301; x_wconf 89' lang='lat' dir='ltr'><strong>omnium</strong></span> <span class='ocrx_word' id='word_1_326' title='bbox 1066 4233 1313 4298; x_wconf 87' lang='lat' dir='ltr'><strong>bibliothecarum</strong></span> <span class='ocrx_word' id='word_1_327' title='bbox 1328 4237 1429 4314; x_wconf 89' lang='lat' dir='ltr'><strong>impe-</strong></span> 
     </span>
     <span class='ocr_line' id='line_1_39' title="bbox 330 4335 1428 4424; baseline -0.004 -25"><span class='ocrx_word' id='word_1_328' title='bbox 330 4341 451 4402; x_wconf 88' lang='lat' dir='ltr'><strong>rialium</strong></span> <span class='ocrx_word' id='word_1_329' title='bbox 463 4353 530 4404; x_wconf 86' lang='lat' dir='ltr'><strong>tuns</strong></span> <span class='ocrx_word' id='word_1_330' title='bbox 543 4341 715 4404; x_wconf 85' lang='lat' dir='ltr'><strong>academias</strong></span> <span class='ocrx_word' id='word_1_331' title='bbox 729 4345 903 4420; x_wconf 76' lang='lat' dir='ltr'><strong>Caesareae,</strong></span> <span class='ocrx_word' id='word_1_332' title='bbox 925 4360 985 4424; x_wconf 85' lang='lat' dir='ltr'><strong>qua</strong></span> <span class='ocrx_word' id='word_1_333' title='bbox 998 4339 1076 4401; x_wconf 87' lang='lat' dir='ltr'><strong>nihil</strong></span> <span class='ocrx_word' id='word_1_334' title='bbox 1091 4359 1218 4422; x_wconf 81' lang='lat' dir='ltr'><strong>usquam</strong></span> <span class='ocrx_word' id='word_1_335' title='bbox 1231 4335 1428 4419; x_wconf 84' lang='lat' dir='ltr'><strong>magnificen-</strong></span> 
     </span>
    </p>
   </div>
   <div class='ocr_carea' id='block_1_3' title="bbox 0 0 1575 4958">
    <p class='ocr_par' dir='ltr' id='par_1_3' title="bbox 0 0 1575 4958">
     <span class='ocr_line' id='line_1_40' title="bbox 0 0 1575 4958; baseline 0 0"><span class='ocrx_word' id='word_1_336' title='bbox 0 0 1575 4958; x_wconf 95' lang='lat' dir='ltr'><strong> </strong></span> 
     </span>
    </p>
   </div>
  </div>
 </body>
</html>
