3038 4950
391 343 439 412 ru
464 343 624 414 curun
646 345 703 437 pr
724 344 940 416 osrnnns.
1144 345 1220 416 sos

119 503 257 595 precisus·
272 511 383 590 police
451 523 495 570 est
500 514 690 592 principium
702 523 731 572 et
742 513 921 574 consumatio
934 513 1043 574 remus.
1089 525 1120 574 et
1136 515 1219 574 enim

120 589 196 678 ἀρχή
211 595 262 655 hic
272 617 334 658 non
344 600 530 677 principium
541 598 596 659 sed
603 602 809 678 principante,
831 603 1002 680 irnperium,
1022 603 1155 678 reginem
1169 621 1220 658 re-

119 701 189 740 rnm
205 685 295 742 velet.
338 694 368 742 et
391 687 534 744 Kueterue
554 687 585 742 iu
607 683 701 744 Suide
717 684 757 743 ed
769 705 798 744 v.
811 680 970 766 Ἐπεφάνη
986 689 1004 749 1
1025 689 1088 750 796
1103 689 1128 744 B
1152 687 1220 762 iiie,

117 767 171 830 ῗνα
183 764 241 847 τήν
255 765 388 849 ἄναρχον
401 764 532 851 ὕπαρξιν
543 765 675 855 μηνύσῃ,
697 773 786 829 vertit
800 773 853 847 sic,
873 783 909 830 nt
920 771 1120 830 substantiam
1126 775 1220 850 prin·

117 854 197 930 cipio
208 863 357 914 comum
367 855 527 926 indc'coret,
549 855 623 916 dens
637 875 670 915 se
691 855 787 937 (quod
798 859 901 917 miseri
913 848 985 916 licet
996 859 1028 915 in
1041 867 1123 916 tento
1136 857 1216 936 niro)

117 938 266 998 inientem
285 939 448 999 admodum
466 944 498 998 iu
514 939 585 999 fidei
602 951 721 1000 nostroe
741 943 840 1002 rebus.
882 960 954 1001 nem
971 945 1068 1022 primo
1085 937 1217 1022 ὕπαρξις

116 1041 180 1084 non
205 1023 374 1083 substantio
398 1035 461 1100 est,
479 1025 537 1098 ⁴ced
558 1029 730 1086 enistents'o:
753 1025 862 1086 deiude
880 1027 918 1086 de
936 1039 1084 1086 servatore
1102 1039 1216 1102 nostro,

117 1106 158 1167 de
171 1125 231 1190 quo
243 1109 294 1169 hic
307 1129 416 1187 serm,
439 1110 500 1170 dici
513 1131 574 1171 non
589 1123 688 1192 potest
703 1131 774 1172 eum
780 1115 933 1193 prinecpio
945 1131 1054 1186 cerere,
1076 1111 1217 1194 quondo-

117 1191 243 1275 quidem
261 1205 409 1275 peterent
426 1199 606 1278 principium
620 1198 694 1272 titii,
713 1207 857 1279 paterque
872 1201 954 1258 solus
969 1201 1151 1278 principium
1170 1207 1216 1256 est

117 1281 184 1338 sine
205 1283 362 1362 principio.
405 1285 616 1364 quemobrem,
638 1287 782 1364 quonium
801 1285 855 1343 iiic
876 1286 944 1344 loco
958 1287 1056 1362 egitur
1069 1283 1218 1343 deserer-

116 1367 212 1425 uitete
231 1369 332 1444 verbi,
353 1385 475 1428 nereum
488 1369 644 1448 oportebat
659 1379 695 1427 nt
711 1372 895 1428 memento
910 1372 991 1428 irsios'i
1007 1381 1152 1450 expertem
1167 1372 1217 1427 iu·-

117 1451 242 1510 diccrct.
289 1455 436 1533 Georgius
457 1456 677 1534 Trnpenuntius
699 1465 817 1530 entem,
845 1457 878 1513 in
900 1453 1060 1514 Rhetorica
1080 1458 1121 1519 96
1140 1457 1166 1512 B
1186 1464 1219 1512 et

118 1537 224 1600 1100
257 1536 406 1598 disserens
427 1536 465 1599 de
484 1537 601 1602 duobus
622 1539 772 1619 prioribus
790 1542 864 1600 iocis
884 1551 978 1600 status
998 1540 1217 1614 coniectus-elis,

114 1623 160 1705 cpi
181 1627 405 1708 nopoypuonspi
422 1635 452 1684 u
470 1631 534 1700 τοῖς
550 1619 606 1688 dss’
624 1620 724 1706 α’ρχῆς·
736 1623 805 1705 ἄχρι
819 1625 936 1700 ebione,
959 1625 1036 1684 iliud
1053 1628 1218 1684 recusatio-

113 1725 198 1779 rsem,
220 1706 278 1768 hoc
290 1711 576 1788 sompnlensunem
584 1713 692 1770 Latine
703 1723 806 1787 vocet,
827 1713 946 1770 nulium
960 1713 1097 1786 omnino,
1118 1723 1217 1770 uteo·

114 1792 176 1868 iet,
197 1795 356 1854 verborum
368 1799 557 1876 propriorum
572 1793 719 1855 edhibens
732 1795 901 1856 delectumr
923 1807 969 1855 est
982 1797 1063 1854 enim
1076 1791 1110 1859 ro*
1123 1819 1218 1876 nopo-

112 1875 265 1960 γραφικόν
272 1883 471 1961 praescriptio
483 1885 570 1940 iuxte
583 1883 706 1942 Curium
717 1879 963 1942 Fottnuedsnum
976 1881 1024 1939 ed.
1039 1877 1120 1940 rich„
1133 1883 1174 1945 56
1182 1884 1216 1954 0,

114 1976 168 2021 eut
174 1968 395 2045 praescriptive
408 1970 554 2047 quceetio,
577 1967 660 2050 quod
672 1966 764 2028 hebet
779 1966 862 2027 idem
874 1970 964 2054 penio
977 1983 1084 2046 cupre:
1106 1961 1142 2026 cd
1159 1959 1217 2028 ὦκ’

114 2043 211 2129 sinsin
232 2047 301 2132 ἔχρι
322 2052 425 2128 ctione
444 2062 545 2111 eutem
561 2071 579 2110 e
595 2051 685 2112 curio
703 2055 915 2112 Fortunatiano
933 2053 1011 2118 660
1029 2051 1219 2130 appellantur

113 2147 282 2214 quaesunt
291 2137 332 2195 als
346 2139 432 2196 initio
443 2139 606 2212 adfinem,
627 2155 645 2196 n
659 2139 794 2218 Sulpicio
810 2139 928 2198 Victore
944 2139 1042 2202 2580
1063 2157 1085 2194 a
1102 2157 1219 2195 ersmmo

112 2220 160 2278 od
176 2221 286 2293 nuum,
306 2242 324 2281 e
340 2225 440 2282 Neteli
453 2225 569 2282 Gemite
583 2222 621 2282 de
634 2227 771 2284 terminis
785 2221 939 2283 rhetoricis
954 2225 995 2286 68
1009 2225 1032 2281 G
1054 2243 1133 2302 quoe
1145 2233 1219 2280 eunt

112 2325 135 2363 α
153 2307 307 2386 prhwipso
327 2325 422 2388 seoque
442 2309 487 2368 ad
495 2309 609 2384 finem,
630 2310 668 2368 eb
684 2312 752 2369 eliis
762 2311 886 2369 Greecie
903 2305 942 2370 cd
962 2304 1062 2371 εἰκότα
1070 2307 1082 2384 ,’
1100 2309 1217 2367 relute

112 2391 243 2472 syriano
260 2393 321 2457 144
334 2393 376 2470 B,
399 2404 451 2453 eut
466 2391 633 2476 τνΓαηρεῖα
646 2395 705 2460 146
718 2393 757 2471 0,
779 2413 797 2454 e
819 2395 993 2454 Marcellino
1013 2390 1143 2475 denique
1166 2391 1215 2452 ed.
1339 2447 1348 2464 ,

112 2474 301 2542 Atu1o5n
318 2475 478 2562 πράγματα
492 2479 545 2543 καὶ
558 2485 674 2561 σημεῖα.
716 2491 787 2540 sunt
804 2491 908 2540 entem
925 2497 978 2538 ese
995 2497 1070 2561 ques
1083 2482 1220 2569 piceum·

112 2564 244 2622 emelim
264 2581 386 2646 quoqne
403 2563 548 2642 dioimtn,
570 2558 774 2648 περιστᾶσεις,
796 2570 941 2648 quonium
954 2567 1073 2644 singule
1088 2569 1218 2624 circum-

112 2649 224 2720 eismnt
242 2653 380 2729 negotiu:
402 2667 512 2731 nempe
533 2653 725 2733 quaestiones
746 2651 837 2732 quisi
859 2649 955 2733 quidi
978 2649 1052 2730 quii
1074 2649 1217 2732 quendoi

112 2731 190 2793 curi
211 2733 285 2794 ubit
306 2753 327 2794 v
492 2733 571 2800 sesi
592 2730 650 2800 ἐπ’
670 2730 766 2818 ἀρχῆς
778 2733 978 2816 dmentem,
1001 2737 1073 2816 quie
1089 2736 1219 2796 offerunt

111 2837 181 2878 nese
195 2826 350 2901 πανταχοῦ
363 2827 420 2885 τοῦ
432 2828 537 2904 λογον.
564 2832 723 2903 totsnnque
740 2820 778 2882 de
795 2824 857 2882 iilis
872 2833 961 2901 ceput
974 2825 1219 2899 praetenuiseuru

111 2918 211 2985 poene
227 2917 271 2964 est
286 2925 303 2964 e
317 2911 360 2966 lo.
374 2906 445 2968 chr.
458 2911 578 2968 Ernesti
592 2911 624 2966 in
638 2911 753 2968 Lexico
768 2905 928 2990 diiigenter
942 2910 1113 2988 ceteroquin
1128 2905 1222 2965 odord

110 3001 186 3050 neto
206 2989 416 3072 teolmoiogiee
435 2991 601 3053 rhetorices
617 2996 814 3068 Greecorum3
836 3008 930 3075 quere
941 2995 973 3050 iu
988 3007 1023 3051 eo
1037 2990 1219 3074 exponendo

111 3077 208 3158 penio
219 3078 264 3136 tut
279 3079 408 3157 longior.
443 3089 534 3159 etque
548 3077 626 3140 iliud
640 3082 740 3160 ipsum
753 3078 836 3162 qnod
847 3083 911 3138 iem
924 3081 957 3139 in
971 3077 1218 3138 cousuetudinem

111 3161 224 3220 obiisse
244 3161 334 3221 video
355 3161 436 3243 spud
456 3165 587 3242 logicos,
605 3177 706 3243 petere
719 3168 921 3245 pnisos'ptnm,
938 3167 1043 3244 petitso
1059 3165 1218 3244 principii,

111 3247 236 3328 ‹pnendo
259 3257 311 3307 eut
331 3251 519 3328 postulemus
535 3261 586 3308 ent
600 3255 687 3332 qussi
703 3268 879 3311 concessum
895 3251 1076 3311 assumimus
1089 3249 1121 3309 id
1157 3249 1218 3309 uod

109 3344 176 3392 eret
193 3335 280 3392 initio
301 3344 542 3411 controversum,
565 3355 607 3394 ex
622 3338 803 3396 Aristoteliis
817 3335 883 3413 his,
907 3336 1003 3399 αἰτεῖν
1020 3333 1054 3398 nd
1074 3335 1108 3398 ἓν
1127 3340 1218 3421 coppi,

106 3421 217 3498 λαβεῖν
239 3415 274 3482 τό
296 3418 330 3482 iv
353 3412 432 3508 ἆρχῇ
455 3419 515 3500 [so.
530 3412 855 3502 siposotioeodpevovl,
878 3422 994 3498 streone
1008 3423 1064 3483 noti
1078 3421 1111 3483 ic
1128 3416 1217 3505 α’ρχῇ,

108 3507 208 3582 λῆψις
226 3509 284 3567 τοῦ
302 3505 336 3568 dv
353 3499 431 3593 α’ρχῇ
453 3505 512 3586 [sc.
532 3500 857 3588 ἆρφισβητανμὲνοαῙ,
879 3507 1007 3566 seecuiis
1025 3507 1219 3564 tenebricosis

108 3589 151 3648 ub
176 3587 299 3648 homine
321 3591 435 3668 ferreo,
463 3609 563 3674 neque
586 3594 618 3650 in
643 3591 801 3672 discipline
827 3593 926 3671 logice
947 3605 1049 3671 neque
1067 3593 1099 3648 in
1121 3590 1218 3649 literis

109 3677 235 3734 Graecis
263 3674 428 3736 edmodnm
456 3677 590 3752 erudito,
619 3681 651 3736 in
680 3673 890 3758 ingeniisque
915 3677 1069 3736 vocubulis
1094 3673 1133 3734 ed
1153 3677 1216 3734 vim

107 3771 269 3842 prompto,
292 3761 451 3821 confictum
468 3781 534 3823 esse
553 3765 689 3823 arbitror.
732 3773 767 3824 ut
786 3767 868 3822 euim
888 3773 1019 3824 scrutere
1038 3779 1142 3820 omnen
1163 3763 1215 3842 qui

109 3847 151 3906 de
172 3843 336 3928 quaerendi
355 3867 390 3906 ec
409 3846 576 3909 disserendi
598 3847 755 3929 discipline
770 3851 877 3907 Latine
893 3851 1002 3928 scripte
1018 3849 1212 3926 reliquerunt,

107 3951 174 3991 non
189 3936 319 4012 reperies
341 3933 489 4014 (opinor)
510 3931 592 3993 hsuc
604 3933 767 3994 dictionem
784 3945 853 3992 etue
868 3937 1058 3993 vincentium
1072 3934 1214 3990 Bellove-

109 4037 249 4093 cenmm,
272 4022 350 4076 circe
370 4039 398 4078 e.
415 4021 499 4086 1244
514 4021 646 4095 olerum,
660 4023 722 4101 'qui
735 4031 860 4099 usurpet
876 4017 1063 4078 Bibliothece
1074 4017 1216 4082 mundi2

109 4107 175 4168 273
189 4107 232 4179 E,
261 4102 362 4168 2743
385 4103 433 4163 ed.
455 4107 550 4164 Dneo.
569 4116 599 4165 et
618 4107 691 4164 elibi
711 4121 813 4185 seepe.
856 4103 928 4164 inde
948 4116 1051 4163 eutem
1071 4115 1134 4162 tem
1154 4105 1215 4161 luto

109 4191 263 4262 merserit,
285 4199 319 4247 ut
339 4191 371 4247 in
393 4210 498 4250 eorum
519 4208 639 4273 quoque
662 4195 773 4270 scripte
796 4192 954 4250 insinuarit
971 4210 1037 4250 eene
1052 4193 1105 4270 qui
1120 4199 1215 4248 ertem

109 4290 183 4332 vere
206 4295 241 4332 eo
262 4275 338 4332 feise
362 4273 549 4336 diiudicendi
563 4280 718 4336 venustius
733 4287 824 4358 etque
839 4279 988 4356 copiosius
1002 4283 1214 4334 trecteveruut.

112 4360 195 4420 velut
217 4363 249 4420 in
269 4359 381 4420 Adanu
399 4365 500 4424 Bursii
518 4363 714 4428 Dieiecticem
733 4364 886 4424 ciceronis
900 4365 964 4430 310
975 4365 1018 4439 Α,
1040 4363 1102 4428 899
1118 4359 1158 4436 C,
1184 4369 1213 4417 et
